2790 4792
291 287 836 403 ron'rrrerrttu
980 300 1147 419 'sou‘
1223 334 1228 354 .,

27 536 64 585 et
83 523 215 586 docente
237 540 296 582 nec
314 528 474 602 propterea
495 514 716 590 existimarunt,
737 512 961 579 Sacramentum
980 513 1270 597 Poeni-romanu..

31 620 146 668 tentiae
169 627 233 677 esse
255 606 356 664 forum
383 604 447 663 irae
473 599 520 665 vel
541 621 719 682 poenarum,
740 600 821 659 sicut
846 622 934 663 nemo
959 621 1095 682 unquam
1103 582 1272 678 ξξξξξιῖῑᾟῗή,

31 691 211 750 Catholicus
234 689 332 764 sensit,
357 707 391 745 ex
414 683 596 766 hujusmodi
620 685 734 742 nostris
758 682 1017 749 satisfactionibus¹
1036 687 1271 776 vimgfgnjgtigfflss·

29 776 136 837 meriti
163 786 194 833 et
230 771 439 832 satisfactionis
462 768 588 830 Domini
613 768 709 824 nostri
738 765 835 838 JESU
848 767 1019 839 ,CHRISTI
1047 766 1097 828 vel
1195 762 1203 778 ’

34 857 213 934 obscurari,
247 854 293 914 vel
316 846 417 934 aliqua
444 864 586 933 exparte
610 851 763 923 imminui:
787 850 874 929 quod
904 850 977 909 dum
993 851 1098 911 Nova-

32 953 121 1000 tores
150 939 313 1020 intelligere
347 936 476 1011 uolunt,
504 937 546 993 ita
575 937 718 1016 optimam
746 932 965 1000 Paenitentiam
991 955 1099 994 novam

32 1026 130 1083 vitam
154 1043 216 1083 esse
245 1021 377 1099 docent,
406 1029 444 1077 ut
472 1038 591 1083 omnem
625 1017 845 1095 satisfactionis
871 1018 933 1076 vim
957 1026 987 1078 et
1011 1038 1101 1078 usum

34 1107 155 1167 tollant.
1157 1133 1161 1141 ·

84 1170 88 1177 ”
123 1203 150 1257 t.
190 1188 294 1249 ITEM
318 1206 388 1268 cap.
409 1183 481 1245 lx.=
525 1184 625 1243 Docet
643 1197 807 1268 praeterea,
829 1195 946 1245 tantam
966 1204 1030 1245 esse
1050 1182 1201 1245 ‹ti-1²00...
1215 1205 1273 1249 arvi.

1110 1252 1173 1292 nitus
1188 1255 1259 1295 inilia.

31 1274 122 1333 vinae
139 1271 364 1332 munificentiae
381 1268 556 1350 largitatem,
579 1280 693 1328 utnon
722 1268 823 1329 solum
852 1270 959 1352 poenis
991 1281 1099 1350 sponte
1110 1306 1148 1341 ,ῃ
1174 1305 1263 1352 „ndo
1366 1308 1369 1313 ·

30 1377 50 1417 a
73 1355 165 1416 nobis
186 1377 245 1438 pro
263 1352 447 1412 vindicando
468 1363 595 1434 peccato
614 1355 771 1435 susceptis,
792 1364 846 1412 aut
857 1352 1024 1412 sacerdotis
1048 1348 1275 1444 ar-gjfflffflzfffi

30 1439 132 1501 bitrio
153 1460 212 1522 pro
231 1456 371 1497 mensura
386 1435 489 1495 delicti
506 1438 664 1518 impositis,
681 1436 734 1494 sed
753 1437 863 1513 etiam,
896 1434 982 1518 quod
1007 1437 1102 1496 maxi·-

31 1545 122 1584 mum
144 1524 254 1582 amoris
279 1530 488 1601 argumentum
512 1532 576 1595 est,
603 1517 825 1602 temporalibus·
851 1518 974 1605 ilagpllis
994 1541 1011 1580 a
1031 1519 1099 1578 Deo

30 1606 170 1678 inflictis,
191 1618 221 1665 et
249 1625 266 1662 a
291 1602 382 1662 uobis
405 1605 554 1685 patienter
582 1603 726 1680 toleratis,
760 1602 845 1685 apud
866 1605 966 1664 Deum
984 1615 1102 1686 patrem

29 1712 92 1776 per
107 1686 316 1753 CHRISTUM
335 1685 650 1761 JESUMsatisfacere
666 1687 826 1747 valeamus.

125 1785 152 1837 1.
194 1770 228 1828 Β.
251 1768 571 1839 CHRYSOSTOMUS
593 1770 696 1830 homil.
720 1783 771 1837 80.
804 1771 843 1830 ad
869 1771 1016 1854 populum
1036 1771 1258 1840 All-Poenicorum

29 1853 231 1917 tiochenum:
274 1855 380 1912 Totam
396 1853 487 1913 vitam
507 1856 538 1913 in
555 1857 698 1937 ‚peccatis
710 1853 882 1937 absumpsi,
904 1869 935 1915 et
973 1856 999 1913 si
1022 1851 1269 1941 poc-{2:322‘30023⁸

32 1939 195 2000 nitentium
220 1957 323 2018 egem,
350 1935 509 1996 salvabor?
536 1949 566 1996 et
594 1940 728 2002 maxime.
770 1936 856 1999 Unde
878 1937 1014 1999 constat?
1055 1940 1200 1999 Epirum.

30 2018 168 2083 Domini
191 2019 360 2081 clementia.
400 2019 446 2079 Ne
484 2031 553 2080 tuae
583 2018 723 2095 confidas¹
756 2024 982 2105 poeniteutiae:
1034 2023 1101 2082 Tua

36 2122 170 2184 namque
200 2101 386 2184 poenitentia
412 2113 494 2163 tanta
523 2108 631 2186 nequit
654 2118 778 2187 peecata
813 2106 924 2167 delere.
979 2107 1011 2167 Si
1045 2107 1109 2168 sola

38 2189 122 2249 foret
144 2188 341 2268 poenitentia,
359 2186 428 2265 jure
450 2190 583 2248 timeres:
606 2191 659 2251 scd
680 2203 843 2272 postquam
861 2212 930 2250 cum
945 2193 1108 2272 poeniten-

38 2274 82 2331 tia
99 2272 310 2331 commiscetur
346 2269 404 2328 Dei
424 2273 652 2347 misericordia,
678 2271 815 2349 confide,
848 2275 995 2352 quoniam
1017 2285 1102 2332 tuam

42 2356 138 2414 vincit
152 2355 331 2435 nequitiam:
353 2355 477 2416 multum
498 2357 577 2413 enim
598 2367 646 2429 est
667 2356 840 2414 misericors
865 2357 959 2428 Deus,
985 2367 1015 2413 et
1032 2367 1253 2428 tan-mapulam

39 2451 107 2499 tum
127 2438 264 2514 clemens,
286 2450 322 2497 ut
345 2458 444 2519 neque
463 2436 528 2497 filio
554 2438 748 2519 pepercerit,
774 2449 809 2504 ut
833 2439 967 2520 ingratos
994 2422 1276 2519 Ιεειψοεζὶξξξξ“,ξῗ,ξ’ζΰ·

39 2523 211 2583 redimeret.
251 2520 315 2580 Nec
336 2518 409 2579 inihi
434 2520 531 2579 dicas:
576 2519 708 2577 Nimium
733 2522 865 2601 peccavi,
891 2532 920 2579 ct
946 2521 1102 2600 quomodo
1113 2523 1264 2623 {gfflffo

38 2627 162 2691 possum
193 2605 322 2675 salvari?
363 2605 412 2662 Tu
435 2624 497 2661 non
528 2615 638 2684 potes,
657 2615 728 2663 tuus
760 2616 862 2685 potest
884 2606 1054 2687 Dominus:¹
1075 2619 1213 2667 etmaneat.

40 2695 83 2751 ita
100 2690 193 2767 ,delet
215 2699 362 2770 peccata,
390 2695 425 2743 ut
458 2705 513 2743 nee
546 2705 652 2743 eorum
678 2700 828 2748 remaneat
857 2691 1023 2771 vestigium.
1068 2692 1104 2751 In

39 2773 228 2856 corporibus
249 2770 369 2850 quidem
403 2767 463 2827 hoc
482 2768 640 2845 nonlicet,
665 2772 739 2850 quin
769 2773 882 2831 etiamsi
912 2773 1017 2833 millies
1039 2798 1105 2836 me-

41 2858 133 2933 diens
154 2853 298 2925 elaboret,
321 2863 350 2910 et
372 2853 507 2932 imponat
527 2852 642 2912 vulneri
666 2855 808 2931 remedia,
835 2858 945 2916 vulnus
979 2860 1103 2940 quidem

36 2941 136 3014 tollit,
166 2937 288 2995 cicatrix
318 2956 389 2994 vero
414 2951 585 3017 permanet,
606 2939 736 2998 vulneris
765 2942 980 3001 circumferens
1013 2964 1106 3026 argu-

35 3035 192 3094 mentum,
213 3019 372 3099 adspectus
393 3019 621 3079 deformitatem.
663 3023 704 3081 Et
722 3022 793 3083 licet
809 3025 840 3082 in
869 3023 1020 3083 infinitum
1040 3049 1106 3085 me-

34 3110 134 3171 dicus
167 3100 337 3178 contendat,
362 3124 423 3162 non
449 3115 546 3164 tamen
566 3109 736 3166 cicatricem
764 3106 866 3166 delere
884 3119 994 3190 potest.
1036 3110 1106 3192 Ipsa

36 3208 174 3270 namque
201 3199 326 3246 naturae
356 3200 506 3270 repugnat
531 3189 729 3268 imbecillitas,
762 3202 792 3250 et
823 3195 895 3250 artis
918 3184 1104 3274 impotentia,

37 3276 209 3351 vilitasque·
232 3270 525 3331 medicamentorum.
568 3274 650 3332 Deus
668 3287 767 3333 autem
786 3295 854 3333 cum
873 3273 953 3334 delet
972 3291 1104 3358 peccata,

40 3378 144 3439 neque
170 3356 338 3413 cicatricem
362 3354 528 3436 relinquit,
563 3376 663 3437 neque
691 3359 841 3440 permittit
866 3378 1018 3420 remanere
1036 3382 1105 3422 ves-

39 3445 164 3525 tigium,
196 3438 249 3498 sed
272 3458 342 3496 cum
365 3451 492 3500 sanitate
512 3441 781 3522 ‘pulchritudinem
810 3463 932 3524 quoque
956 3447 1104 3505 restituite

45 3546 120 3587 cum
139 3523 320 3584 liberatione
341 3543 358 3582 a
380 3543 488 3606 poena,
501 3523 560 3582 'dat
588 3537 617 3584 et
635 3526 793 3604 justitiam,
818 3537 848 3586 et
867 3531 1107 3610 praevaricatum
1206 3596 1209 3601 .

42 3630 109 3670 non
131 3608 334 3690 praevaricato
355 3605 481 3665 similem
495 3607 604 3673 reddit.
648 3607 680 3667 Si
700 3624 829 3691 namque
844 3613 891 3670 rel
909 3609 1025 3672 infinita
1038 3617 1106 3694 quis

42 3692 162 3755 babens
186 3691 323 3767 vulnera,
348 3693 565 3772 poenitentiam
581 3695 685 3774 egerit,
712 3705 741 3754 et
760 3695 877 3776 aliquid
899 3695 1005 3756 fecerit
1023 3696 1106 3776 boni,

43 3779 90 3837 sic
103 3796 137 3835 ea
157 3775 241 3836 Deus
263 3774 353 3849 delet,
375 3787 410 3834 ut
431 3795 529 3865 neque
552 3776 732 3853 cicatricem,
750 3798 848 3859 neque
865 3781 1036 3862 uestigium,
1053 3803 1109 3844 ne-

46 3880 110 3942 que
130 3871 326 3942 peccatorum
347 3857 488 3917 ostendat
505 3857 660 3918 indicium.
733 3871 738 3885 '

132 3956 162 4008 2.
204 3943 311 4001 IDEM
333 3944 364 4000 in
382 3941 535 4002 Psalmum
552 3943 833 4028 quinquagesimum
850 3945 945 4008 multa
961 3945 1053 4009 hahet
1071 3949 1110 4012 de

45 4027 236 4110 poenitentia
256 4026 367 4087 David.
850 4098 853 4105 ,

67 4153 71 4160 .
130 4122 161 4177 ὅ.
203 4109 306 4169 ΙΤΕΜ
327 4109 358 4169 in
380 4120 470 4194 eaput
497 4107 644 4172 Matthaei
676 4108 799 4172 tertium
824 4110 979 4192 scribens,
1008 4113 1109 4176 homi·

41 4192 86 4255 lia
111 4191 229 4255 decima
252 4194 295 4254 sie
322 4196 378 4256 uita
419 4193 549 4279 Agamus
563 4198 792 4281 poenitentiam,
812 4200 926 4294 miamu
945 4198 1106 4287 indulgen-
