2790 4792
265 318 347 388 m
522 302 1143 384 DESAGRAMENTO

263 501 364 563 stolus
385 497 509 562 eosdem
527 496 784 582 presbyterosut
808 514 877 557 rere
898 493 1124 572 Sacerdotes,
1156 497 1224 561 sub
1253 501 1334 561 mnus

263 587 490 669 Episcopcrum
514 585 558 644 ita
590 593 750 659 asseverat,
770 579 897 663 loquens
926 579 969 641 ad
1002 580 1156 641 Titnme
1202 584 1283 666 Hujus
1297 585 1330 643 ni

265 672 388 751 (iuquit)
413 670 510 752 gratia
527 666 639 747 reliqui
660 679 692 726 te
707 665 826 741 Cretae,
848 675 884 724 nt
904 685 952 741 ea,
963 684 1061 745 quae
1073 664 1219 745 desunt,
1232 671 1326 751 curiga,

263 768 294 814 ot
323 756 491 813 constituas
512 772 569 837 per
590 752 726 810 civitates
748 747 956 833 presbyteros,
987 753 1276 830 quemadmodum
1291 770 1325 834 tgr

256 839 314 898 tibi
339 837 488 919 disposui.
530 836 564 894 Si
586 834 654 916 quis
675 834 742 895 sine
767 835 894 893 crimine
920 844 984 907 est,
1023 836 1139 897 unius
1175 841 1276 900 uxoris
1294 838 1329 911 rit,

257 921 338 982 filios
360 921 474 982 babens
497 918 613 995 fideles,
634 936 697 978 non
717 921 750 978 iu
781 916 973 978 accusatione
1003 917 1193 999 luxuriae,
1225 936 1273 986 aut
1288 941 1329 982 aa

256 1006 406 1067 subditos.
451 1005 585 1088 Oportet
605 1005 684 1062 enim
703 1003 891 1085 Episcopum
910 1002 976 1060 sine
998 1005 1153 1067 crimine
1177 1029 1251 1071 esse.
1284 1006 1329 1083 Qu

260 1094 407 1152 sententia
428 1089 561 1150 ostendit
590 1087 805 1170 presbyterum
827 1088 915 1146 etiam
946 1084 1012 1145 sub
1037 1086 1210 1175 Episcopi
1242 1092 1329 1153 nouirt

83 1179 173 1225 Ui*
184 1185 206 1225 δ’
217 1185 249 1223 ¹⁰·
260 1177 365 1237 taxari.
407 1173 496 1233 Unde
517 1183 547 1233 et
571 1172 610 1232 ad
631 1170 827 1232 Timotheum
846 1169 884 1228 de
906 1169 1125 1251 ordinatione
1148 1176 1328 1259 Episcopi!

260 1260 392 1320 Diaconi
416 1256 564 1332 scribens,
585 1255 623 1315 de
643 1255 830 1338 presbyteris
851 1254 978 1315 omniuo
1005 1259 1130 1335 mouit,
1154 1264 1233 1343 quia
1250 1260 1328 1323 ecrit

259 1343 405 1428 Episcopi
431 1344 554 1403 nomine
582 1339 824 1425 comprehendit.
883 1336 1057 1401 Secundus
1094 1346 1186 1405 euim
1219 1356 1249 1407 et
1274 1365 1328 1429 pert

186 1484 192 1499 ,
260 1430 444 1509 conjunctus
474 1427 587 1510 gradus
608 1437 677 1503 est,
708 1426 787 1484 sicut
818 1419 858 1482 ad
889 1420 1120 1506 Philippenses
1146 1431 1329 1513 episcopisct

83 1510 229 1578 esurist-
258 1512 448 1574 Diaconibus
470 1510 588 1582 scribit,
611 1531 680 1570 cum
701 1529 763 1569 uua
784 1507 887 1567 civitas
906 1506 1018 1588 plnres
1034 1500 1221 1596 Episcopus
1234 1514 1329 1575 baben

78 1620 235 1672 mma
258 1619 321 1657 nou
342 1598 447 1680 possit.
491 1596 533 1656 Et
553 1597 585 1654 in
608 1594 737 1653 Actibus
757 1590 977 1676 Apostolorum
1001 1594 1216 1673 presbyteros
1235 1598 1329 1659 Eccle-

256 1684 327 1758 siae,
349 1681 588 1756 Hierosolymam
610 1681 720 1753 iturus,
741 1678 948 1760 congregarit,
970 1678 1094 1757 quibus
1110 1683 1197 1742 inter
1211 1696 1329 1743 caeteras

256 1766 377 1842 Videte,
401 1768 513 1847 inquit,
534 1784 666 1846 gregem,
688 1764 798 1843 inquo
823 1779 877 1819 vos
903 1762 1037 1842 spiritus
1059 1778 1189 1825 sanctus
1208 1766 1331 1848 Episco-

255 1870 314 1933 pus
336 1850 499 1911 ordinarit.
542 1848 630 1909 Unde
650 1849 738 1906 etiam
753 1846 829 1907 tales
848 1845 879 1901 in
890 1844 1036 1906 Ecclesia
1048 1848 1248 1930 presbyteros
1260 1872 1330 1911 oon·

79 1951 214 2005 metuunt
248 1930 428 1992 ‘'stituendos
450 1951 513 1990 csse
539 1933 618 1990 sicut
639 1931 815 2012 Episcopus
837 1938 868 1987 et
892 1930 1067 2010 Apostolus
1095 1932 1137 1993 ad
1159 1934 1260 1993 Titum
1281 1935 1330 1995 lo-

80 2001 225 2044 l⁰⁰¹⁵⁰¹¹¹⁰'
258 2017 373 2096 quitu1·,
396 2026 427 2072 et
446 2033 578 2073 canones
592 2014 654 2094 ipsi,
672 2025 832 2073 testantur.
874 2013 1076 2090 Presbyterus
1091 2026 1191 2073 autem
1210 2018 1323 2077 merito

78 2112 145 2159 nm
159 2124 191 2162 rr.
211 2120 243 2160 rs
257 2111 288 2159 et
308 2098 457 2180 sapientia
474 2096 559 2172 dicit,
587 2116 651 2163 nun
670 2108 776 2156 aetate.
817 2097 893 2157 Nam
912 2110 943 2157 ct
962 2098 1057 2173 llloysi
1071 2099 1225 2178 praecepit
1244 2098 1316 2157 De-

255 2203 301 2261 us,
325 2193 361 2245 ut
389 2182 481 2266 eligat
506 2178 714 2265 presbyteros.
757 2181 846 2241 Unde
873 2193 904 2242 et
929 2184 961 2241 iu
989 2178 1153 2243 Proverbiis
1175 2178 1305 2241 diciturr

255 2268 363 2331 Gloria
379 2288 483 2328 sentim
504 2267 653 2327 canities..
682 2265 769 2342 Quae
796 2277 842 2327 est
857 2265 933 2326 baec
949 2264 1086 2327 canitietl
1111 2262 1197 2325 baud
1215 2262 1313 2325 dubie

78 2354 326 2438 s2prsssr,3.quin
355 2351 529 2434 Sapientia,
556 2352 594 2413 de
616 2370 688 2432 tqua
719 2352 868 2433 scriptum
900 2363 960 2410 est:
1005 2351 1137 2413 Canities
1159 2347 1324 2417 hominurn

84 554 204 604 fitur.

80 2232 151 2276 rror.
160 2239 195 2279 tt,
208 2238 241 2277 2⁹·

250 2439 414 2521 prudentia
437 2450 491 2498 cst.
534 2438 853 2580 Cumquenongentos
870 2436 1041 2519 etamplius
1055 2434 1199 2496 annosab
1219 2432 1319 2497 Adam

249 2543 349 2604 usquc
375 2521 414 2582 ad
438 2520 593 2582 Abraham
614 2522 721 2581 vixisse
770 2521 883 2581 omines
910 2518 1095 2603 legerimus,
1120 2518 1217 2580 nullus
1242 2519 1320 2579 alius

272 2608 366 2665 rimus
391 2606 560 2702 appellatus
585 2618 630 2666 est
654 2606 824 2688 presbyter,
849 2603 880 2664 id
905 2615 959 2676 est,
985 2608 1114 2682 senior,
1137 2606 1194 2664 nisi
1216 2603 1320 2665 Abra-
1360 2674 1362 2683 Ι

248 2626 341 2749 bam:
364 2710 418 2770 qur
438 2688 537 2749 multo'
555 2690 750 2771 paucioribus
773 2692 857 2750 annis
870 2689 975 2747 vixisse
999 2691 1209 2750 convincitur.
1249 2690 1317 2750 Nou
1360 2688 1362 2697 '

248 2792 322 2857 ergo
344 2766 471 2854 propter
493 2773 678 2855 decrepitam
703 2786 898 2848 senectutem,
920 2772 974 2831 sed
991 2787 1130 2856 propter
1150 2776 1317 2857 sapientiam

248 2854 419 2941 presbytcri
439 2858 642 2915 nominantur.
688 2859 782 2934 Quod
804 2860 829 2918 si
845 2865 885 2918 ita
899 2868 953 2931 est,
975 2858 1084 2934 miror,
1099 2880 1162 2919 cnr
1181 2861 1316 2943 insipien·
1347 2908 1353 2927 .

73 2969 136 3014 0,ᾱο
153 2971 236 3011 mm.
249 2952 293 3002 tes
313 2948 546 3005 constituantur.
589 2940 644 2999 Et·
671 2963 737 3025 cap.
766 2955 812 3009 θη
855 2943 1069 3000 Diaconorum
1095 2945 1182 3004 ordo
1212 2943 1311 3005 uberi

74 3033 163 3061 ””””””
247 3025 334 3086 tribu
357 3028 475 3108 accepit
495 3011 666 3084 erdrdium:
687 3029 844 3109 praecepit
866 3027 943 3084 enim
964 3027 1122 3086 Dominus
1143 3031 1263 3106 Moysi,
1280 3038 1308 3086 ut

75 3124 319 3194 1„„„„pott
341 3109 560 3171 ordinationem
578 3110 681 3169 Aaron
699 3112 876 3185 sacerdotis,
896 3121 927 3169 et
950 3109 1087 3170 liliorum
1112 3115 1197 3193 ejus,
1217 3133 1309 3175 rursus
1342 3154 1349 3163 -

246 3197 321 3254 Levi
345 3195 447 3254 tribus
469 3197 501 3254 in
518 3195 612 3253 divini
632 3194 730 3254 cultus
751 3195 925 3255 ministeriis
946 3194 1175 3258 ordinarentur
1196 3210 1309 3259 etmu-

247 3290 440 3338 seorarcntur
463 3280 598 3339 Domino
618 3299 679 3360 pro
705 3279 845 3339 omnibus
866 3280 1093 3361 primogenitis,
1119 3294 1155 3341 et
1175 3284 1311 3344 servirent

245 3384 305 3446 pro
327 3362 419 3422 lsrael
443 3382 545 3423 coram
573 3363 677 3423 Aaron
705 3376 738 3424 et
766 3360 837 3422 filiis
863 3365 931 3442 ejas
957 3365 987 3422 in
1015 3364 1226 3428 tabernaculo
1251 3369 1308 3427 Do·

245 3449 329 3522 mini,
349 3445 540 3506 excubantes
562 3447 729 3530 intemplo
752 3446 802 3506 die
828 3468 863 3507 ac
891 3459 991 3521 nocte,
1015 3448 1143 3529 ipsique
1171 3460 1308 3535 gestarent

245 3552 345 3592 arcam
367 3545 397 3592 et
417 3531 645 3591 tubernaculum
663 3544 694 3591 et
715 3533 816 3592 omnia
837 3531 1001 3611 vasaejns,
1018 3534 1090 3593 etin
1109 3536 1248 3597 circuitu
1269 3548 1307 3595 u·

244 3615 400 3677 bernaculi
427 3629 523 3677 castra
541 3616 603 3697 ipsi.
620 3617 848 3691 constituerent,
871 3627 900 3675 et
920 3616 951 3675 iu
973 3622 1198 3698 promovendo
1219 3620 1304 3683 ubu-

91 3752 114 3769 „
239 3701 353 3765 ,naculo
369 3701 426 3784 ipsi
446 3700 644 3782 deponerent,
659 3714 764 3761 rtusns
789 3702 848 3782 ipsi
870 3712 1100 3780 componerent.
1148 3705 1183 3765 A
1216 3700 1299 3788 viginti

113 3800 116 3807 '
156 3800 160 3805 ·
246 3778 488 3868 quinqueannis
518 3795 549 3845 et
570 3803 680 3866 supra,
713 3786 744 3844 in
765 3784 961 3844 tabernaculo
992 3785 1108 3844 servire
1140 3790 1296 3853 mandarun

244 3883 307 3930 est:
330 3890 421 3952 quam
441 3869 574 3951 regulam
599 3870 824 3929 constituerunt
853 3870 948 3928 sancti
972 3868 1081 3929 Patres
1102 3884 1136 3932 et
1173 3877 1209 3937 in
1236 3888 1300 3935 nott)

244 3965 432 4014 testamento.
475 3955 511 4014 ln
534 3952 698 4036 Evangelio
722 3967 822 4013 autem
844 3953 1013 4036 primordia
1034 3973 1148 4019 eorum
1179 3961 1214 4021 in
1231 3956 1305 4021 Δού-

70 4035 344 4095 consuetunis
370 4037 538 4098 cstolornm
560 4043 602 4098 ita
616 4064 619 4069 ·
632 4037 785 4120 leguntur:
829 4039 1035 4099 convocantes
1065 4052 1175 4103 autem
1198 4041 1307 4105 duodo·

70 4106 185 4200 ῗοῖζύξξ,
247 4122 305 4178 cim
361 4122 479 4203 postoli
509 4121 735 4182 multitudinem
768 4120 1007 4202 discipulorum,
1035 4121 1206 4189 dixerunt:
1245 4126 1308 4189 Non

245 4203 356 4293 placet,
374 4220 431 4268 nos
450 4206 630 4291 relinquere·
643 4206 773 4273 uerbum
787 4206 856 4283 Dei,
872 4213 905 4266 st
923 4205 1096 4287 ministrare
1116 4215 1245 4292 mensis,
1258 4222 1307 4277 ett-
