2790 4792
308 343 867 411 'POENITE-NTIAE.
1064 349 1143 422 245

72 551 137 609 sen,
160 531 287 597 dicens:
326 534 383 594 Hic
404 533 550 593 est'ritns
582 530 698 614 leprosi
723 530 847 612 quando
861 530 1068 607 ¹mundandus
1086 543 1145 593 est·

72 639 263 700 Addu'eetur‘
277 637 315 699 ad
337 639 543 714 sacerdotem,
567 641 621 720 qui
645 654 788 721 egressus<
814 639 854 699 de
881 628 992 701 eastris¹
1007 660 1077 699 cum
1096 640 1152 718 vi·v

75 745 158 807 derit
181 744 293 829 lepram
321 767 381 807 esse
412 738 597 821 mundatam,
618 745 784 828 praecipiet
816 748 852 821 ci,
877 749 931 828 qui
947 738 1142 833 ¹purificatur,

75 864 114 912 ut
135 851 240 913 offerat
253 852 329 914 duos
345 873 484 937 passeres
503 853 589 912 vivos
609 873 669 934 pro
692 871 733 929 se,
756 872 835 933 quos
855 855 936 913 vesei
956 852 1072 913 licitmn
1087 864 1143 930 est,

76 969 112 1020 et
131 959 243 1042 lignum
263 959 429 1041 cedrinum,
459 958 770 1040 vermiculumqueet
790 959 957 1042 hyssopum
964 981 972 1043 ξ
998 970 1027 1018 et
1047 980 1143 1018 unum

75 1085 111 1125 ex
130 1065 301 1148 passeribus
323 1065 473 1126 immolari
501 1063 628 1146 jubebit
651 1069 682 1125 in
705 1084 774 1126 vase
805 1062 894 1124 fictili
922 1078 1017 1153 super
1049 1084 1144 1146 aquas

72 1173 218 1234 virentes:
250 1173 344 1233 alium
378 1183 480 1232 autem
511 1172 612 1231 vivum
639 1191 708 1234 eum
737 1170 819 1260 ligno
846 1171 971 1232 cedrino
998 1183 1029 1232 et
1050 1191 1146 1232 coneo

70 1274 205 1362 hyssopo
228 1282 328 1362 tinget
349 1280 380 1338 in
412 1279 560 1359 sanguine
584 1282 714 1361 passeris
737 1268 900 1354 immolati,
924 1299 988 1359 quo
1018 1279 1146 1360 adsper-

70 1396 121 1467 get
141 1385 237 1463 illum,
263 1386 318 1469 qui
340 1381 530 1442 mundandus
554 1397 615 1459 est,
638 1386 758 1469 septies,
781 1395 815 1471 ut
834 1387 904 1466 jure
925 1394 1092 1471 purgetur:
1117 1393 1149 1442 et
1235 1438 1240 1455 ,

70 1489 207 1563 dimittet
227 1510 382 1574 passerem
404 1492 527 1567 vivum,
549 1504 584 1552 ut
606 1494 767 1576 inagnum
799 1491 914 1568 avolet,
944 1505 1005 1554 etc.
1044 1490 1148 1574 Roga·
1199 1545 1201 1549 ,

67 1595 180 1677 bitque
202 1617 263 1678 pro
286 1617 323 1656 eo
356 1596 498 1656 sacerdos
519 1619 622 1657 coram
644 1583 798 1676 Domino,
822 1611 852 1659 et
874 1599 967 1658 faciet
997 1595 1148 1676 sacrifiei-

69 1722 124 1761 um
145 1721 206 1782 pro
224 1710 372 1780 peccato:
393 1714 468 1765 tuno
485 1704 659 1772 =immolabit
677 1704 904 1781 holocaustum,
918 1717 948 1765 et
958 1717 1053 1787 ponet
1072 1691 1148 1764 illud

70 1807 106 1865 in
123 1804 210 1864 altari
233 1825 302 1865 cum
321 1807 489 1869 libamentis
510 1813 580 1888 suis,
592 1823 633 1871 'et
653 1810 748 1875 homo
770 1814 830 1873 rite
850 1811 1064 1886 mundabitur,
1086 1822 1145 1876 ete.
1236 1834 1240 1842 ‘

157 1911 193 1969 M
200 1911 294 1972 atth.
316 1913 421 1979 Vitta
463 1916 570 1994 Vade,
598 1918 724 1979 ostende
758 1929 789 1980 te
813 1919 985 1994 sacerdoti,
1015 1929 1046 1978 et
1068 1917 1145 1978 offer

68 2036 191 2092 munus,
213 2016 304 2098 quod*
321 2025 475 2104 praecepit
491 2026 623 2101 Moyses,
651 2026 682 2084 in
700 2026 908 2085 testimoninm
930 2024 1001 2090 illis.
1049 2012 1054 2024 '

152 2126 240 2186 Luc.
263 2127 362 2187 XVII.
407 2129 462 2205 Ite,
489 2132 640 2190 ostendite
666 2153 722 2194 vos
746 2131 977 2195 sacerdotibus:
1021 2130 1063 2190 Et
1075 2129 1143 2191 fae-

70 2243 135 2292 tum
157 2243 212 2313 est,
233 2232 307 2296 dum
329 2237 418 2312 irent,
439 2237 577 2297 mundati
597 2247 678 2297 sunt.

438 2450 814 2514 PATRES.

150 2651 186 2704 ¹1.
227 2636 265 2698 A.
286 2635 515 2696 CONCILIUM
552 2622 693 2696 Trident.
720 2656 790 2696 sess.
827 2633 912 2698 XIV.
944 2634 976 2692 in
1004 2629 1200 2697 doctrinaous
1223 2643 1316 2685 sassa..

71 2717 112 2780 de
138 2719 334 2781 Sacramento
357 2720 581 2800 poenitentiae,
602 2721 700 2801 capite
722 2725 838 2803 primo:
881 2717 915 2777 Si
939 2736 974 2776 ea
998 2719 1028 2775 in
1054 2695 1316 2800 rege-{lssniiil’ssiss

71 2807 184 2864 nerntis
208 2802 350 2863 omnibus
372 2803 525 2886 gratitudo
548 2823 618 2886 erga
639 2804 736 2864 Deum
764 2815 862 2881 esset,
885 2814 920 2863 ut
940 2803 1089 2884 justitiam
1109 2807 1142 2862 in
1154 2798 1303 2866 crementum.

70 2886 228 2970 Baptismo
257 2886 352 2967 ipsius
392 2882 541 2946 beneficio
576 2899 607 2949 et
634 2891 730 2972 gratia
762 2901 931 2972 susceptam
970 2898 1143 2945 constanter
1234 2880 1239 2894 ¹

69 2981 250 3044 tuerentur,
271 2989 333 3027 non
354 2969 460 3029 fuisset
475 2993 565 3055 opus,
590 2972 675 3032 aliud
692 2973 730 3032 ab
745 2973 896 3056 Baptismo
917 2971 1144 3030 Sacramentum

71 3054 113 3114 ad
147 3063 345 3132 peccatorum
383 3057 587 3117 remissionem
629 3078 692 3116 esse
735 3060 917 3120 institutum.
988 3053 1144 3129 Quoniam

71 3149 175 3198 autem
195 3138 289 3211 Deus,
311 3137 393 3197 dives
416 3140 446 3196 in
466 3142 684 3217 misericordia,
708 3143 850 3226 cognovit
874 3138 1050 3222 figmentum
1070 3155 1144 3193 nos-

70 3235 176 3296 trum,
198 3219 257 3280 illis
287 3223 374 3280 etiarn
397 3224 475 3282 vitae
503 3227 670 3285 remedium
697 3224 848 3299 contulit,
871 3224 926 3302 qui
949 3242 1012 3281 sese
1036 3229 1145 3300 postea

72 3306 104 3365 in
127 3307 243 3387 peccati
279 3308 469 3382 servitutem,
499 3319 528 3366 et
548 3310 712 3369 Daemonis
735 3318 914 3392 potestatem
938 3303 1142 3377 tradidissent,
1236 3321 1245 3335 ·

72 3390 299 3449 Sacramentum
326 3390 469 3451 videlicet
498 3392 723 3468 Poenitentiae,
760 3413 822 3473 quo
851 3391 941 3474 lapsis
964 3399 1037 3472 post
1064 3385 1143 3468 bap-

72 3476 216 3546 tismum,
258 3472 439 3534 beneficium
471 3479 577 3535 mortis
611 3477 724 3536 Christi
746 3475 925 3559 applicatur.
964 3474 1041 3533 Fuit
1072 3462 1303 3559 (μιί-ῗῡθῑὶῑωῑήῑἃ

74 3559 142 3617 dem
175 3558 365 3617 Poenitentia
397 3560 544 3619 universis
575 3559 766 3636 hominibus,
802 3562 862 3641 qui'
888 3580 920 3618 se
937 3555 1056 3616 mortali
1082 3514 1316 3621 ali-nlil'dlnfil‘l'

75 3662 137 3724 quo
165 3653 291 3724 peccato
322 3643 545 3722 inquinassent,
581 3647 688 3724 quovis
716 3656 854 3725 tempore
884 3642 923 3703 ad
955 3642 1078 3723 gratiam
1110 3649 1141 3697 et
1152 3617 1295 3716 ἷζὲζιῗὲζῗω

72 3727 220 3808 justitiam
231 3727 447 3806 assequendam
463 3730 639 3804 necessaria,
662 3727 720 3786 illis
741 3728 838 3804 etiam,
852 3729 904 3807 qui
919 3724 1062 3807 Baptismi
1082 3715 1211 3782 «Sa-‘1²¹³'

74 3823 227 3870 eramento
250 3809 333 3869 ablui
357 3814 540 3893 petivissent,
563 3823 596 3869 ut
617 3815 814 3892 perversitate
846 3811 963 3868 abiecta
988 3819 1018 3867 et
1037 3826 1139 3864 emcn-

76 3894 161 3970 data,
189 3906 304 3953 tantam
334 3895 408 3953 DEI
438 3894 635 3954 offensionem
671 3910 737 3953 eum
762 3964 764 3968 ,
790 3895 887 3953 eoeati
920 3891 1011 3960 odio,
1034 3903 1064 3950 et
1083 3891 1137 3971 pio

76 3979 163 4036 animi
186 3977 543 4047 doloredctestarentnr3
574 3979 656 4037 sande
687 3917 843 4060 Proplreta
873 3977 936 4035 ait:
969 3976 1313 4034 'Conversi-mennam·

74 4061 162 4136 mini,
185 4074 215 4122 et
236 4064 314 4144 agite
335 4066 548 4145 poenitentiam
571 4062 610 4121 ab
624 4062 765 4123 omnibus
783 4058 993 4143 iniquitatibus
1016 4058 1157 4119 restris:'

73 4155 105 4204 et
130 4165 194 4206 non
228 4149 287 4206 erit
320 4146 408 4207 vobis
441 4149 473 4205 in
504 4150 624 4208 ruinam
656 4148 811 4227 iniquitas.
864 4146 1016 4205 Dominus
1052 4145 1140 4204 etiam

72 4228 166 4289 dixits
208 4229 274 4291 Nisi
290 4233 505 4316 poenitentiam
534 4233 675 4316 egeritis,
703 4248 805 4294 omnes
828 4230 967 4295 similiter
986 4226 1138 4316 peribitis.
1149 4241 1204 4282 nse.
1222 4235 1289 4284 sun
