2790 4792
381 328 426 393 ra
442 319 779 391 emansor-mnu
800 294 846 398 0.,
863 324 1025 400 nomm.
1042 305 1057 426 j
1240 347 1329 417 513,

62 508 308 597 Chfy'wuomtdfl
319 514 597 572 ultimaconsumms·
706 504 900 574 chrysostomi
913 510 949 568 do
974 513 1080 571 Christi
1097 522 1208 581 verbo:

99 598 182 666 tione
395 649 399 657 Ι
489 657 495 670 ⁸
606 583 669 638 175.
741 578 799 655 Qui
815 591 909 650 potest
920 578 1039 658 capere}
1057 596 1152 666 capiat
1251 602 1317 671 297,

98 671 137 725 de
157 670 307 723 incruenta
322 680 356 718 ex
373 659 516 720 Malacha
532 654 598 709 bos·
707 648 940 719 Chrt⁸⁰⁸lomum
975 659 1016 715 de·
1044 669 1165 725 raritate
1194 681 1244 727 aut

99 743 143 798 tia
272 776 275 793 Ι
569 729 669 808 .178.
721 721 887 849 „Emit”
902 730 1074 814 templorum
1090 742 1177 813 queri
1249 751 1313 812 164,

103 813 140 869 110
171 811 308 871 memoria
339 806 543 864 defunctorum
568 811 600 848 sn
707 793 742 848 01
765 810 798 848 ns
812 812 924 852 animas
939 818 1003 872 quis
1131 833 1161 860 ·‚
1266 829 1314 882 99,

423 934 426 941 ἢ
578 876 667 954 ,188
708 867 867 923 Cicatrices
892 871 1043 930 vulnerum
1069 898 1105 935 an
1124 884 1243 941 medicis

102 959 139 1014 de
152 954 410 1013 sacrificioltdissac',
423 953 452 999 et
465 958 522 1015 pro
536 956 599 1013 qus-
712 992 715 999 ,
742 939 780 996 ad
795 940 955 997 tollendum
967 950 1121 1016 possibiles
1179 944 1182 949 ’
1249 970 1312 1020 501,
1390 967 1394 973 ·

100 1031 154 1085 bus
167 1030 207 1085 ‚id
224 1023 404 1084 offerendum
428 1016 483 1078 sit,
606 1016 668 1081 192.
707 1011 789 1088 Cinis
814 1015 962 1087 quomodo
979 1019 1081 1087 alicui,¹
1095 1034 1171 1092 teste
1189 1012 1241 1100 Cp.
1322 1066 1325 1071 ,

99 1103 136 1158 de
148 1103 314 1178 quotidiana
326 1090 464 1149 ecclesiae
476 1085 599 1143 oblatio·
664 1149 667 1157 ⁴
741 1085 857 1164 priano.
878 1105 912 1142 οι
925 1092 1105 1149 Eucharistia
1118 1099 1234 1155 effectus
1247 1112 1310 1167 208.

95 1194 134 1231 „0
539 1212 544 1223 ,
608 1166 671 1221 198.
707 1159 998 1218 circumstantiarum
1027 1183 1101 1239 quae
1119 1170 1171 1225 ubi
1195 1187 1242 1230 aut

94 1247 132 1305 de
152 1241 304 1301 identitate
325 1235 436 1291 hostiae
496 1231 600 1289 otidia·
743 1233 836 1306 qualis
850 1233 983 1293 habenda
1001 1240 1077 1294 ratio
1251 1256 1317 1311 276.

94 1338 162 1386 nac,
183 1327 212 1371 et
227 1313 288 1381 ejus
304 1327 378 1383 quse
391 1326 467 1365 seme
491 1308 522 1361 in
534 1324 599 1361 cru·
708 1305 815 1361 (litatio
831 1307 957 1363 nominis
970 1328 1044 1384 quas
1055 1311 1107 1367 ubi
1118 1312 1169 1387 qui
1180 1315 1245 1371 fieri

95 1411 128 1448 oo
149 1390 248 1445 oblata
266 1393 310 1438 est
606 1383 670 1443 198·
743 1378 829 1432 solita
1195 1371 1200 1389 “
1269 1397 1315 1452 23,

93 1465 130 1519 do
144 1456 368 1515 sanctificatione
380 1464 410 1508 et
420 1453 595 1509 sanctificato
607 1457 670 1514 209.
708 1450 776 1504 Gito
789 1467 889 1506 manus
902 1451 1062 1526 imponere,
1081 1457 1153 1530 quid
1251 1470 1318 1530 334,

99 1537 136 1590 de
155 1533 253 1585 fructu
270 1527 458 1583 eucharistiae
474 1545 492 1581 a
511 1526 600 1584 mori·
707 1523 892 1587 clandestina
921 1529 1105 1586 matrimonia
1130 1532 1227 1605 qualia

101 1604 216 1662 ontibus
235 1612 363 1672 sumptae
607 1602 672 1655 277.
744 1606 773 1651 ct
790 1597 888 1653 habita
906 1601 1042 1670 antehac,
1065 1615 1095 1660 et
1113 1604 1246 1660 habenda

98 1678 135 1732 de
152 1674 259 1747 frigida
269 1685 317 1729 aut
332 1674 411 1729 nulla
419 1687 534 1727 mensae
542 1672 601 1723 Do·
742 1672 862 1741 pcstbac
886 1709 889 1712 -
1120 1714 1123 1719 .
1250 1683 1316 1746 499,

79 1747 174 1804 ‘mini
192 1747 355 1802 accessione
606 1747 671 1805 229.
710 1740 840 1798 Clarium
854 1741 1047 1819 ministerium
1060 1748 1144 1809 etiam
1155 1767 1245 1823 penes
1346 1738 1355 1767 ³

100 1820 137 1876 do
150 1819 373 1891 praeparatione
385 1817 423 1875 ad
435 1813 601 1872 sumendam
745 1816 835 1870 malos
848 1817 1013 1887 sacerdotes
1030 1838 1092 1876 esse
1167 1829 1229 1888 227.
1244 1827 1308 1890 228.

101 1892 302 1949 eucharistiam
607 1891 672 1947 258·
709 1886 841 1943 Clarium
854 1891 991 1947 ecclesiae
1001 1892 1173 1948 beneficium
1186 1913 1238 1948 nn·

99 1965 136 2021 dc
149 1965 311 2020 accessione
325 1963 361 2018 ad
379 1960 576 2031 eucharistiam
607 1964 672 2025 220.
743 1959 779 2014 de
797 1961 848 2033 qui
860 1963 1049 2032 expetendum
1062 1973 1124 2026 271,
1141 1985 1244 2023 aaron.

101 885 190 943 Missa

99 2037 136 2091 de
155 2038 247 2108 gratie
267 2056 318 2092 seu
334 2046 476 2109 potestate
497 2035 600 2088 collata

98 2109 238 2182 apostolis

98 2180 134 2236 de
146 2174 293 2236 throno'et
303 2189 446 2252 potestate
465 2173 599 2243 sttcerdo-¹

742 2031 807 2086 dem
823 2046 929 2107 quanto
947 2036 985 2090 sit
1002 2038 1146 2094 certitudo
1251 2044 1316 2101 286.

604 2108 669 2162 252.
707 2103 836 2160 Cluvium
865 2107 1086 2163 sacerdotalium
1114 2122 1243 2182 potestas

742 2196 800 2249 quo
813 2178 907 2233 valcat
1237 2191 1316 2245 300,

99 2253 151 2308 tali
594 2254 667 2304 ..255
706 2245 861 2302 Clementis
877 2250 902 2309 Ι.
914 2265 1007 2320 papae
1018 2253 1189 2322 etmartyris
1208 2252 1244 2311 de

60 2382 63 2388 ,
93 2321 500 2396 'deperfeotaopoenitantiac
512 2319 668 2380 10050259.

100 2398 136 2453 de
155 2398 319 2471 vespertino
329 2393 522 2450 conscientiae
536 2407 598 2445 exa·

99 2470 177 2526 mino
607 2464 669 2518 268.

607 2609 671 2662 275.

74 2543 135 2609 ί(10
162 2541 273 2614 agenda
296 2535 481 2591 confessione
506 2547 598 2586 sacra-

99 2614 219 2671 mentali

100 2688 137 2742 de
154 2694 270 2740 nostrae
297 2675 495 2751 poenitentiae
519 2675 549 2731 vi
573 2684 602 2730 et

136 2778 155 2811 u

57 2862 61 2867 ·
99 2778 139 2886 111
152 2822 512 2909 subveniendoanimabus
522 2839 602 2895 sepa.

102 2901 173 2958 ratis
264 2934 271 2959 ι
610 2902 672 2954 555.

105 2975 142 3030 de
162 2968 357 3044 poenitentiae
378 2967 509 3024 encomio
528 2973 591 3035 522.
608 2973 670 3033 527.

104 3037 140 3101 de
151 3055 293 3100 extremae
305 3041 455 3099 Unctionis
476 3042 542 3097 oleo
611 3047 672 3100 552.

104 3118 140 3174 de
159 3118 335 3181 auctoritate,
347 3127 375 3171 ct
389 3116 533 3188 legatione
557 3130 602 3167 sa·

105 3190 255 3246 cerdotum
362 3229 366 3238 ,
408 3246 411 3251 ¹

104 3265 140 3327 de
151 3261 305 3317 sacerdotii
315 3259 538 3317 excellentiaaut
546 3259 604 3334 dig-

102 3348 334 3465 ditahebedientia
357 3404 495 3477 praelatis
520 3405 605 3460 etiam

526 2758 590 2810 301·
608 2754 671 2809 502.

526 3194 588 3246 576.
610 3194 672 3248 577.

610 3339 675 3399 208.

741 2320 865 2402 pristina
877 2320 1044 2390 baptizandi
1060 2323 1175 2378 ratione
1189 2335 1242 2379 tes·

740 2399 895 2443 timonium
1266 2403 1313 2459 28.

742 2460 778 2546 de
796 2461 931 2534 baptismi
945 2461 1114 2521 necessitate
1126 2469 1243 2521 'santen-

741 2543 782 2661 ii:
794 2603 1041 2676 rebaptizantibus
1266 2550 1314 2680 ig.

743 2677 779 2735 de
799 2677 1025 2764 confirmatione
1043 2687 1240 2742 sacramentali
1266 2695 1314 2751 92.

744 2788 981 2879 de.celebrandis
999 2825 1094 2882 Missis
1113 2837 1143 2883 ot
1169 2829 1242 2887 cele·
1265 2765 1312 2824 96·

743 2894 848 2951 brandi
867 2895 933 2950 loco
1015 2940 1017 2945 .
1170 2910 1231 2963 167.
1249 2909 1312 2965 168.

745 2969 781 3025 do
795 2968 948 3038 incruento
966 2969 1072 3025 Christi
1087 2973 1228 3029 sacrificio
1248 2985 1310 3036 180.

744 3042 780 3098 de
798 3052 969 3096 reverenter
988 3044 1135 3099 tractanda
1154 3048 1242 3101 eccle·

746 3117 804 3170 siae
823 3114 999 3181 supellectile
1250 3128 1311 3182 187·
1384 3124 1388 3131 ’

746 3188 781 3244 (10
794 3205 853 3240 non
874 3184 1070 3251 erubescendo
1090 3189 1244 3245 00000011-
1277 3182 1301 3223 Γ

745 3261 803 3316 teri
817 3259 921 3325 delicta
1251 3272 1317 3326 277,
1352 3321 1356 3329 Ι

725 3370 728 3377 -
747 3334 783 3388 de
798 3331 929 3385 habenda
943 3343 1125 3386 mortuorum
1135 3335 1182 3402 (ex
1193 3353 1245 3391 ore

747 3405 827 3461 Petri
843 3405 979 3477 apostoli)
998 3422 1066 3458 cura
1234 3417 1318 3470 757,

102 3480 186 3536 malis
202 3478 374 3553 praestanda
434 3485 487 3544 215
497 3484 597 3544 -tao
612 3485 675 3546 225.
713 3478 869 3535 Clementis
882 3476 1068 3533 Alexandrini
1082 3475 1120 3533 de
1138 3477 1246 3553 baptis-

105 3553 142 3610 de
160 3555 311 3623 conjuncta
334 3569 397 3604 cum
415 3550 548 3624 periculo
564 3567 605 3604 sa-

105 3627 256 3683 cerdotum
274 3624 411 3696 dignitate

107 3699 143 3755 de
161 3697 356 3763 matrimonio,
377 3696 495 3770 simque
517 3695 605 3752 ratio-

748 3553 788 3606 mi
802 3551 906 3607 effectu
921 3549 1062 3606 sententia
1166 3576 1168 3581 ·
1271 3560 1317 3615 60.
1335 3608 1345 3625 „

535 3630 599 3690 225.
611 3627 674 3690 222.
714 3623 830 3690 Clerici,
846 3622 951 3696 quibus
960 3620 1145 3679 matrimonio
1157 3623 1245 3680 inter·
1280 3691 1282 3695 ¹

749 3698 865 3761 dictum,
881 3696 931 3766 qui

1253 3703 1318 3767 262.

107 3790 145 3827 ne
613 3774 676 3836 225.
715 3771 895 3826 clericorum
908 3777 1012 3841 quanta
1027 3766 1157 3841 qualisve
1171 3769 1246 3825 inter
1309 3816 1312 3821 .

109 3844 146 3933 dc
155 3842 289 3930 mysterio
297 3850 529 3913 autsacramento
539 3858 607 3896 con-

109 3935 366 4054 iihgiisonachorum
386 3996 437 4042 aut
457 3987 609 4042 sanctimo-

56 4068 60 4075 '
109 4061 231 4117 nialium
249 4058 356 4131 nuptiis

533 3921 597 3981 250.
613 3920 677 3981 251.

731 3866 733 3873 ·
749 3862 780 3899 se
795 3854 895 3897 mutuo
911 3840 1043 3897 habenda
1060 3841 1225 3898 ohedientia
1250 3850 1315 3911 792.

714 3987 895 4045 clericorum
921 4003 1045 4059 quorum
1070 3927 1317 4043 matrimoni-395⁶

512 4106 515 4115 .
617 4063 681 4124 272.
750 4079 798 4114 um
810 4059 894 4146 quale
908 4058 1019 4132 autqui
1036 4059 1209 4114 censendum
1254 4069 1318 4129 267.

60 4160 65 4167 ·
111 4135 151 4189 de
167 4133 278 4186 honore
301 4126 500 4189 sacerdotibus
520 4128 613 4195 idolo·
716 4133 837 4190 clericis
853 4131 1189 4206 cauponaruminffiressu
1206 4132 1248 4188 in·

111 4225 176 4263 rum
196 4202 374 4260 olimhabitc

128 4320 236 4365 crsisius
248 4317 277 4361 1.
290 4316 321 4359 11.

618 4208 682 4273 220.
752 4205 907 4265 terdictum

1255 4209 1319 4271 202.

1029 4342 1073 4401 55
