2790 4792
301 214 876 363 uocuanrsrstn·
1049 276 1124 349 m

58 490 212 555 exponens
237 462 328 529 illut:
357 461 484 539 Venite,
513 458 665 520 comedite
690 479 800 602 punem
824 468 941 539 meum,
957 470 1026 531 :etcr
1063 459 1123 520 Hie

59 569 145 619 certe
167 552 355 637 agnoscimus
382 547 439 606 Dei
469 545 657 628 sapientiam,
716 563 754 602 oc
776 554 839 622 est²
870 543 1009 607 verbum.
1034 542 1123 605 Patri
1131 560 1233 611 ruma.
1249 569 1270 608 a.

57 651 260 711 coaeternum,
280 635 309 692 in
333 644 420 692 utero
451 627 592 712 virginal-i
625 626 748 687 domum
767 627 826 687 sibi
848 627 1122 709 aedificassemus·

58 744 118 807 pus
140 721 314 794 humanum,
342 729 373 777 et
395 714 470 775 huic
491 724 637 793 tanquam
669 712 761 792 capiti
785 712 918 779 membru
954 712 1120 774 Ecclesiam

58 806 264 884 subjunxisse,
288 813 451 877 martyrum
472 797 608 856 victimas
625 795 812 872 immolasse,
834 816 965 857 mensam
993 798 1024 857 in
1047 798 1120 858 vino

57 902 89 949 et
110 889 238 971 panibus
259 902 463 969 praeparasse,
495 879 550 938 ubi
571 891 699 961 apparet
717 880 805 939 etium
837 880 1046 942 sacerdotium
1072 902 1120 942 se·

58 972 189 1033 cundum
209 972 346 1046 ordinem
365 960 604 1037 Melchisedech,
628 964 803 1045 insipientes
834 975 864 1023 et
899 965 1007 1047 inopes
1030 962 1279 1024 sensum-¹0³3&

55 1076 192 1117 uocasset
214 1056 386 1137 quiasicut
414 1050 489 1121 dicit
512 1045 700 1127 Apostolus:
742 1042 984 1128 Infirma'hujus
1014 1049 1278 1108 montiacum·

54 1140 145 1222 elegit
166 1140 261 1215 Deus,
283 1151 318 1198 ut
344 1131 547 1196 confunderet
567 1130 671 1191 fortia.
714 1130 837 1207 Quibus
861 1142 960 1192 tamen
977 1129 1119 1208 infirmis,

55 1222 141 1305 quod
160 1224 327 1304 sequitur,
354 1217 445 1291 dicit:
488 1212 700 1295 Derelinquite
723 1215 947 1296 insipientiam,
969 1227 1006 1275 ut
1036 1217 1294 1285 viva-Provenm.

51 1311 107 1367 tis:
130 1318 160 1367 et
178 1307 318 1388 quaerite
352 1298 556 1382 prudentiam,
580 1296 773 1361 uthabeatis
794 1299 894 1357 vitam.
935 1298 1122 1378 Partieipem

52 1403 151 1451 autem
171 1389 242 1449 fieri
263 1404 383 1445 mensae
403 1381 485 1441 illius
495 1423 505 1456 ‚
529 1382 628 1462 ipsum
649 1392 695 1441 est
723 1383 858 1464 incipere
884 1380 1000 1442 habere
1019 1384 1121 1442 vitam.

50 1473 128 1535 Nam
159 1485 190 1533 et
217 1474 249 1529 in
274 1468 336 1528 alio
365 1464 471 1540 libro,
506 1466 559 1545 qui
584 1476 713 1543 uocatur¹
739 1464 964 1540 Ecclesiastes,
985 1462 1039 1525 ubi
1063 1467 1120 1526 aits

49 1558 124 1619 Mon
141 1568 187 1615 est
207 1553 324 1613 bonum
336 1548 462 1623 bomini,
481 1549 539 1619 nisi
560 1548 644 1630 quod
662 1547 856 1615 manducabit
872 1561 903 1610 et
919 1549 1022 1609 bibet:
1045 1550 1186 1630 quiden·
1203 1552 1271 1606 ssu.

53 1636 236 1700 credibilius
261 1633 362 1703 dicere
384 1630 572 1714 intelligitur,
594 1653 684 1713 quam
703 1633 788 1712 quod
804 1633 841 1693 ad
861 1635 1127 1715 participationem

51 1741 176 1797 mensae
201 1716 306 1798 hujus.
321 1728 462 1798 pertinet,
484 1737 573 1796 quam
591 1716 733 1777 sacerdos
764 1719 829 1798 ipse
856 1717 1006 1777 mediator
1020 1729 1126 1779 testa·
1171 1766 1175 1775 .

55 1804 152 1879 menti
174 1802 245 1860 novi
267 1798 388 1861 exhibet
405 1799 568 1869 secundum
591 1799 731 1869 ordinem
746 1799 973 1863 Melchisedech
991 1801 1029 1861 de
1050 1823 1125 1863 cor-

75 1907 130 1948 ore
152 1898 181 1945 et
200 1885 346 1968 sanguiue
364 1883 438 1945 suo?
480 1882 518 1942 Id
538 1885 615 1953 enim
634 1881 822 1954 saerificium
847 1887 994 1951 suecessit
1022 1888 1124 1947 omni-
1156 1897 1296 1958 anseranum

49 1911 113 2032 bus
136 1968 194 2028 illis
213 1965 370 2041 sacrifieiis
389 1968 497 2027 veteris
517 1969 697 2044 testamenti,
719 1988 797 2050 quae
827 1969 1065 2031 immolabantur
1089 1947 1294 2039 iniiiiiiiwiii.

49 2053 168 2117 umbra·
185 2051 294 2128 futuri,
321 2062 446 2135 propter
476 2051 563 2131 quod
591 2054 681 2113 etiam
700 2073 806 2113 vocem
824 2051 905 2115 illam
935 2056 968 2114 iu
1003 2056 1120 2136 psalmo
1130 2045 1272 2136 ξξξξξξξξξζὴ

51 2139 208 2203 tricesimo
235 2149 266 2197 et
293 2156 374 2195 nono
401 2135 536 2215 ejusdem
561 2136 737 2205 mediatoris
762 2158 819 2219 per
851 2137 1045 2222 prophetiam
1071 2140 1222 2199 lo-trricie·

53 2222 177 2305 quentis
203 2221 408 2303 agnoscimusa
460 2218 665 2296 Sacrificium.
679 2230 722 2288 ,et
763 2219 966 2281 oblationem·
984 2221 1121 2295 noluisti,
1131 2217 1216 2257 Ριιιω.
1225 2222 1257 2260 ss.

55 2324 170 2386 eorpus
190 2316 291 2367 autem
302 2304 464 2389 perfecisti
485 2303 577 2383 mihi:
608 2306 682 2382 quia
700 2322 760 2383 pro
780 2300 840 2363 illis
862 2302 1005 2361 omnibus
1027 2262 1296 2363 sacri-ilribmlddbbff

52 2388 133 2451 ficiis
158 2399 189 2447 et
206 2387 415 2463 oblationibus
441 2406 556 2471 corpus
581 2386 649 2467 ejus
677 2383 816 2460 offertur,
847 2396 879 2444 et
904 2359 1304 2469 participanti-ilibiff'b‘dr't·

53 2472 113 2534 bus
138 2473 353 2545 ministratur..
388 2538 392 2545 Ι
624 2528 627 2533 ,
1131 2457 1171 2503 ⁶²³·

84 2586 99 2624 ·.
137 2571 166 2623 2.
206 2554 429 2623 mamlius
451 2560 551 2635 apost.
575 2546 692 2609 Galliae
711 2547 751 2608 ad
769 2548 1005 2634 burdegalenses
1020 2573 1047 2613 c.
1072 2566 1121 2620 sn

54 2652 120 2702 uts
162 2640 325 2716 ι·ει,(ἶ.9.Ι
366 2704 370 2711 ,

121 2661 168 2791 ab).
212 2722 315 2783 ITEM
333 2719 471 2778 lustinus
496 2711 577 2776 Phil.
600 2726 630 2777 et
654 2718 744 2777 Mart.
768 2717 835 2779 adv.
859 2719 966 2783 Judae.
987 2723 1027 2782 -in
1053 2721 1123 2783 dial.

56 2804 264 2887 cumTrpph.
289 2801 407 2875 habito,
432 2811 467 2861 ut
494 2820 599 2881 supn,
623 2798 661 2861 A.
680 2815 710 2869 5.

53 2884 81 3042 Β’
141 2903 171 2956 4.
214 2884 416 2947 IRENAEUS
438 2885 473 2944 L.
506 2880 560 2944 lv.
592 2882 659 2945 adv.
690 2883 806 2947 haeres.
836 2905 862 2948 e.
892 2903 942 2957 32.
965 2903 1124 2974 utsupra,

142 3069 171 3121 5.
208 3053 316 3141 ,ITEM
336 3052 374 3111 L.
395 3050 450 3127 IV.
475 3072 502 3113 c.
531 3064 624 3127 55...
641 3055 800 3130 Ωαοηίεω
824 3075 933 3115 nomen
963 3053 1018 3116 filli
1050 3077 1127 3138 pro-

84 3143 167 3202 rium
183 3139 279 3221 patris
304 3147 358 3212 est,
387 3147 416 3194 et
440 3137 471 3195 in
491 3134 559 3196 Deo
582 3140 791 3219 omnipotente
809 3160 866 3222 per
882 3140 985 3198 Jesum
1015 3140 1129 3199 CHRI-

56 3167 170 3294 §TUM
192 3220 282 3283 offert
300 3219 446 3295 Ecclesia,
468 3218 545 3278 bene
565 3223 609 3280 ait
630 3222 800 3282 meandum
831 3235 971 3302 utraque,
994 3236 1024 3284 et
1045 3199 1303 3306 omniffffiissgfi}

62 3312 134 3381 loeo
159 3309 313 3368 incensum
339 3302 470 3375 offertur
498 3306 611 3367 nomini
640 3327 728 3382 meo,
757 3319 786 3365 et
807 3303 988 3367 sacrificium
1009 3292 1129 3391 pulum.
1212 3305 1231 3344 ³·

58 3398 186 3465 Incensa
202 3403 303 3452 autem
319 3390 448 3449 Joanues
471 3387 502 3445 in
520 3386 714 3472 Apocalypsi,
737 3394 890 3451 orationes
903 3392 945 3450 ait
957 3410 1025 3459 esse,
1041 3412 1130 3455 sanc·

59 3491 174 3541 Eorum.
405 3532 430 3543 ,,
716 3515 799 3547 ;,,

78 3545 95 3561 “’
148 3573 177 3632 6.
218 3557 281 3619 ET·
296 3567 411 3623 onte:
454 3551 553 3637 Igitur
581 3550 744 3617 Ecclesiae
765 3555 891 3634 oblatio,
906 3580 997 3639 quam
1024 3559 1130 3619 Domi-
1141 3554 1307 3621 littst'fissll·

64 3666 122 3713 nus
144 3644 249 3703 docuit
271 3638 374 3701 offerri
387 3640 418 3697 in
435 3640 577 3717 unirerso
598 3640 724 3715 mundo,
744 3661 858 3724 purum
879 3641 1059 3705 sacrificium
1081 3665 1131 3703 re·
1141 3609 1307 3718 h'ii‘lffliih

64 3740 209 3813 putatum
230 3737 274 3787 est
292 3723 373 3807 apud
384 3723 498 3798 Deum,
523 3733 554 3781 et
573 3736 728 3805 acceptum
753 3736 798 3784 est
812 3728 849 3801 ei,
871 3747 932 3787 uon
952 3728 1037 3809 quod
1049 3709 1308 3803 indi-ssssfffflii]

66 3825 136 3898 geat
156 3833 174 3871 a
197 3810 286 3875 nobis
307 3804 504 3880 sacrificium,
523 3805 576 3865 scd
597 3809 740 3887 quoniam
760 3809 796 3884 is,
818 3810 872 3889 qui
893 3804 991 3886 offert,
1013 3810 1133 3895 glorifie-

67 3910 155 3967 eatur
191 3897 256 3977 ipse
288 3893 320 3951 in
349 3889 511 3973 eo,‚quod
535 3887 659 3966 offert,.
676 3892 701 3951 si
723 3903 898 3973 acceptetur
925 3916 1033 3957 munus
1056 3899 1133 3978 ejus.

68 3981 110 4043 Et
134 3991 339 4064 postpauca:
381 3974 423 4055 Et
445 3994 537 4058 genus
560 3972 751 4039 oblationum
770 3975 969 4058 reprobatum
990 3992 1050 4041 esta
1075 3979 1136 4047 ob,-

71 4064 198 4129 lettoncs
215 4063 292 4121 enim
316 4071 346 4119 et
361 4058 436 4137 illie,
460 4057 629 4118 oblationes
649 4072 750 4123 autem
776 4058 884 4137 ethic,
906 4062 1081 4136 ,sacrificia
1107 4066 1140 4122 in

71 4142 366 4231 populo,‚saerificia
392 4156 423 4225 et
452 4150 485 4206 'tu
504 4143 651 4207 Ecclesia.
689 4134 1068 4231 ,Sedspeciesairumutata
1097 4156 1142 4207 est

125 4272 235 4315 &nisius
248 4271 275 4315 r.
289 4268 321 4312 u.
505 4242 508 4247 ’
875 4272 918 4337 12
