2782 4786
318 437 325 468 ι
390 454 393 460 .
651 434 654 445 ·
1011 447 1014 455 i

245 522 300 584 ‚bis
315 543 382 584 esse
399 523 542 599 mysteria
572 522 809 587 sacerdotalium
832 522 1102 603 benedictionum,
1122 525 1156 587 in
1176 547 1248 608 qna
1267 529 1325 591 col·

253 609 314 670 lata
329 621 400 669 sunt
416 604 514 669 omnia
536 608 618 669 dona
649 611 825 691 gratiarum.

29 696 32 701 ⁴
84 701 244 768 1.a0,.16,1.
338 707 368 762 5.
411 691 650 770 GREGOBlUS
677 695 760 753 inca
783 706 819 754 ut
844 693 883 753 X.
909 692 964 752 lib.
987 706 1015 761 1.
1033 693 1174 778 Regum:
1208 695 1318 759 Samuel

80 765 246 855 {ffiusffcffij
256 778 330 839 Saul
363 781 394 838 in
420 779 589 860 principem
620 779 728 854 unxit,
760 716 844 837 lleus
867 790 967 837 autem
988 779 1015 836 ei
1032 800 1087 838 cor
1111 779 1198 838 aliud
1220 783 1320 842 immu-

80 871 166 905 Μ·
255 866 345 925 tavit:
370 866 442 944 quia
468 883 623 922 sacrorum
649 863 795 922 ordinum
813 873 999 939 sacramenta
1014 863 1053 922 ab
1075 863 1237 925 Ecclesiae
1256 868 1323 927 doc·

254 948 377 1009 toribus
399 947 477 1007 ioris
493 949 659 1028 accipimus
671 937 762 1024 ,ltsed
779 954 1038 1006 sacramentorum
1058 950 1173 1023 virtute
1194 949 1236 1008 ab
1262 973 1320 1010 om-

254 1036 412 1115 nipotente
437 1032 506 1090 Deo
523 1033 649 1089 interius
665 1031 861 1090 roboramur.
904 1031 1009 1091 Virtus
1043 1053 1118 1092 vero
1134 1039 1320 1114 sacramenti,

78 1149 242 1195 mmm.
254 1120 350 1199 gratia
367 1130 412 1176 est
428 1117 553 1196 spiritus
574 1114 769 1198 septiformis.
806 1117 914 1191 ‘Quam
943 1129 1024 1175 certe
1044 1120 1175 1198 gratiam
1198 1122 1256 1200 qui
1277 1143 1321 1181 ac-

76 1201 150 1290 :ffffi
168 1199 230 1240 ⁰¹⁴¹·
253 1205 397 1284 cipiunt,
415 1201 502 1280 quasi
524 1199 585 1259 alio
599 1210 731 1281 accepto
751 1201 848 1258 corde
879 1203 1099 1261 immutanturt
1129 1206 1224 1283 quia,
1250 1227 1322 1286 quos

117 1276 124 1291 ⁵
159 1360 160 1366 ἵ
230 1289 351 1368 ιξςτειῐίει
366 1304 421 1345 sua
443 1297 566 1344 sanctus
587 1285 712 1367 spiritus
732 1284 879 1360 roborat,
908 1305 971 1343 esse
993 1305 1046 1343 eos
1068 1284 1146 1345 facit
1169 1292 1320 1369 protinus,

192 1388 195 1408 ¹
252 1372 339 1453 quod
359 1390 422 1430 non
448 1381 541 1427 erant.
1196 1422 1200 1433 „

333 1467 363 1522 6.
406 1452 634 1512 CONCILIUM
672 1450 886 1512 Florentinum
911 1453 942 1510 in
975 1449 1116 1511 doctrina
1151 1452 1192 1515 de
1210 1454 1321 1519 Sacra·-

88 1528 233 1616 ωαψς,
250 1541 379 1600 mentis:
404 1536 765 1601 Sextumsacramentum
784 1549 830 1596 est
852 1537 987 1611 ordinis,
1020 1538 1110 1616 cujus
1131 1543 1262 1601 materia
1280 1555 1321 1603 est

76 1606 240 1706 ξξξηῗξῖξξξῖ
252 1623 344 1698 illud,
368 1644 424 1707 per
447 1623 537 1701 cujus
560 1621 756 1681 traditionem
777 1621 939 1682 confertur
969 1621 1061 1695 ordo,
1093 1623 1176 1682 sieut
1191 1626 1322 1706 presby-

76 1704 119 1744 Ψ*
249 1719 367 1771 teratus
392 1707 528 1767 traditur
546 1727 604 1788 per
624 1705 726 1766 calicis
748 1727 817 1765 cum
836 1709 922 1780 vino,
948 1717 979 1765 et
998 1717 1127 1785 patenae
1151 1707 1223 1767 cum
1243 1732 1320 1792 pane

248 1784 483 1875 porrectionem.
526 1791 714 1850 Diaconatus
736 1811 810 1850 vero
828 1812 885 1872 per
903 1790 975 1848 libri
1005 1788 1248 1871 Evangeliorum
1267 1796 1323 1856 da·

246 1878 379 1935 tionem-2
414 1871 660 1954 Subdiaconatus
673 1917 683 1949 ,
718 1879 776 1958 per
801 1876 903 1934 calicis
929 1874 1016 1931 iacui
1044 1894 1115 1933 cum
1138 1890 1248 1957 patena
1265 1902 1320 1940 va·

163 2018 167 2031 ,
249 1978 307 2016 cua
333 1961 525 2039 superposita
556 1958 773 2018 traditionem:
813 1959 856 2017 Et
872 1957 1012 2018 similiter
1044 1958 1083 2018 de
1102 1959 1166 2018 aliis
1185 1983 1242 2042 per
1263 1985 1317 2022 re·

73 2063 318 2106 commissarum
349 2043 389 2100 ad
417 2043 583 2100 ministeria
604 2062 658 2100 sua
678 2045 892 2124 pertinentium
921 2044 1155 2124 assignationem.
1198 2045 1309 2106 Forma

75 2113 141 2156 Μ·
250 2125 433 2201 sacerdotii,
470 2125 536 2184 talis
571 2137 636 2184 est:
679 2127 795 2208 Accipe
818 2139 1001 2207 potestatem
1027 2126 1166 2186 offerendi
1187 2128 1306 2188 sacrifi-

248 2214 331 2270 cium
350 2211 381 2269 in
408 2209 544 2271 Ecclesia
564 2230 623 2292 pro
643 2209 719 2271 rivis
741 2223 771 2271 et
790 2212 940 2286 mortuis,
973 2212 1005 2268 in
1022 2212 1135 2270 nomine
1154 2214 1252 2294 patris
1278 2225 1311 2273 et

248 2293 305 2356 filii
334 2306 366 2355 et
389 2295 514 2377 spiritus
543 2294 658 2370 sancti,
689 2307 720 2356 et
745 2296 788 2355 sic
812 2295 851 2355 de
875 2295 1006 2355 aliorum
1035 2294 1173 2355 ordinum
1196 2297 1310 2357 formis.

73 2400 189 2445 maisin.
250 2379 430 2445 Ordinarius
452 2377 589 2440 minister
613 2374 709 2462 huju's
729 2381 927 2456 sacramenti,
953 2392 1000 2441 est
1014 2383 1189 2463 episcopus.

329 2477 358 2532 7.
385 2463 630 2526 >coliculum
650 2465 865 2525 Tridentinum
883 2485 954 2524 sess.
972 2478 1022 2532 55.
1047 2486 1115 2547 cap.
1137 2478 1183 2533 1.=
1209 2465 1312 2526 Sacri-

246 2545 351 2609 ficium
380 2560 410 2607 et
441 2549 649 2614 sacerdotium
674 2551 714 2610 ita
740 2549 800 2609 Dei
824 2550 1018 2610 ordinatione
1040 2552 1209 2630 conjuncta
1235 2563 1312 2628 sunt,

247 2645 282 2691 ut
301 2644 468 2714 utrumque
504 2635 535 2690 in
567 2631 737 2716 omniloga
763 2635 918 2694 exstiterit.
972 2635 1047 2692 Cum
1068 2635 1166 2715 igitur
1182 2636 1211 2694 in
1230 2656 1311 2696 novo

247 2728 426 2783 testamento
448 2728 584 2777 sanctum
608 2715 820 2778 Eucharistiae
847 2714 1030 2777 sacrificium
1054 2719 1177 2778 visibile
1196 2741 1229 2778 cx
1249 2721 1311 2780 Do-

42 2816 43 2819 ’
72 2822 231 2867 sacerdotium
247 2803 321 2859 mini
357 2802 548 2861 institutione
571 2799 723 2865 catholica
749 2801 887 2862 Ecclesia
910 2804 1082 2885 acceperit,
1103 2804 1200 2882 ¹fateri
1225 2807 1311 2863 etiam

52 2880 391 2966 '23²3323ssn‘1'0p01tet,
418 2886 449 2942 in
465 2904 500 2943 ea
519 2903 632 2944 novum
650 2905 714 2944 esse
729 2886 848 2945 visibile
867 2898 896 2946 et
922 2900 1078 2947 externum
1095 2889 1310 2965 sacerdotium,

69 2973 99 3064 3}-
197 3025 208 3066 1
244 2970 279 3028 -iu
301 2968 386 3050 quod
409 2980 494 3040 vatus
517 2967 696 3041 translatum
718 2980 771 3028 est.
813 2969 882 3031 Hoc
897 2983 997 3030 autem
1018 2971 1056 3031 ab
1078 2973 1187 3032 eodem
1202 2974 1311 3033 Domi·

91 3026 178 3081 ”m
213 3024 287 3113 9'no
313 3051 464 3114 salvatore
487 3065 590 3113 nostro
617 3055 789 3117 institutum
808 3076 887 3133 esse,
923 3071 1016 3136 atque
1049 3055 1227 3138 Apostolis,
1260 3079 1310 3119 eo·

203 3166 208 3184 ι’
246 3159 378 3221 rumque
408 3138 635 3198 successoribus
668 3141 699 3199 in
732 3139 922 3215 sacerdotio,
949 3152 1132 3221 potestatem
1168 3145 1310 3203 traditam

68 3219 233 3319 {gn-mvn·
245 3224 460 3300 consecrandi,
488 3221 636 3283 offerendi
667 3235 699 3284 et
728 3223 921 3282 ministrandi
947 3245 1058 3308 corpus
1080 3236 1110 3284 et
1131 3229 1310 3309 sanguinem

105 3297 111 3311 ⁸
244 3310 320 3387 ejus,
331 3327 460 3386 necnon
473 3321 504 3367 et
516 3320 639 3392 peccata
657 3307 836 3383 dimittendi,
858 3321 888 3368 et
908 3310 1070 3384 retinendi,
1084 3329 1189 3369 sacrae
1199 3313 1305 3381 literae

243 3394 430 3468 ostendunt,
465 3404 495 3451 et
527 3390 701 3453 Catholicae
723 3390 878 3452 Ecclesiae
897 3393 1024 3454 traditio
1040 3414 1165 3474 seniper
1193 3396 1307 3455 docuit

242 3477 316 3559 Cap.
338 3491 387 3543 2:
425 3475 501 3536 Cum
540 3487 639 3535 autem
674 3474 775 3556 divina
802 3497 849 3536 res
883 3479 924 3536 sit
944 3488 1004 3536 tam
1027 3479 1122 3536 sancti
1144 3480 1305 3539 sacerdotii

240 3563 452 3637 ministerium,
474 3572 709 3620 consentaneum
729 3559 805 3636 suit,
827 3581 890 3642 quo
911 3560 1031 3644 dignius
1053 3575 1082 3621 et
1102 3564 1217 3622 maiori
1242 3583 1305 3622 cum

238 3649 435 3707 veneratione
455 3646 596 3713 ¹exerceri
629 3655 749 3727 posset,
778 3657 816 3706 ut
844 3649 876 3704 in
906 3645 1060 3704 Ecclesiae
1081 3646 1304 3707 ordinatissima

64 3729 570 3813 mutamini-dispositione,plures
600 3741 630 3788 et
658 3729 770 3790 diversi
802 3742 902 3790 essent
931 3731 1142 3790 ministrorum
1169 3734 1299 3807 ordines,

64 3799 167 3884 Ξῖξῖζῗω
181 3805 217 3833 ⁰³¹
242 3817 296 3895 qui
318 3815 490 3875 sacerdotio
512 3835 546 3884 er
568 3811 669 3874 officio
689 3815 898 3890 deservirent,
922 3815 963 3874 ita
985 3815 1159 3891 distributi,
1183 3831 1233 3895 ut,
1252 3816 1296 3896 qui

169 3901 171 3904 ’
239 3902 301 3980 jam
324 3901 428 3960 clerici
448 3911 574 3958 tonsura
595 3899 730 3980 insigniti
753 3912 874 3975 essent,
894 3919 952 3982 per
963 3901 1094 3960 minores
1111 3899 1151 3959 ad
1172 3904 1299 3982 majores

68 3984 445 4045 1·11m0t1¹-sascenderene
469 4014 471 4018 ⁴
501 3985 577 4046 Nam
603 4003 666 4042 non
696 3982 795 4043 solum
826 3984 864 4043 de
880 3983 1113 4059 sacerdotibus,
1136 3985 1192 4044 sed
1214 3983 1302 4046 etde

65 4045 147 4131 litii]
161 4083 216 4137 tas
238 4069 382 4130 Diaconis
396 4089 498 4129 sacrae
517 4068 619 4129 literae
640 4080 775 4151 apertam
800 4070 984 4128 mentionem
1007 4068 1147 4142 faciunt,
1171 4082 1204 4129 et
1227 4085 1303 4152 quae

64 4134 131 4190 ὀ·
237 4153 362 4225 maxime
383 4155 415 4211 in
442 4148 566 4214 illorum
590 4152 782 4213 ordinatione
807 4151 990 4212 attendenda
1008 4162 1097 4228 sunt,
1120 4155 1303 4234 gravissimis

235 4234 337 4313 verbis
355 4234 487 4302 ducenas
515 4248 547 4300 et
564 4232 604 4301 ab
624 4237 695 4321 ipso
712 4234 868 4299 Ecclesiae
882 4235 979 4311 ,initio
1000 4239 1195 4321 sequentium
1209 4238 1301 4304 ordi·
