2790 4792
310 302 754 415 [caratauc
988 284 995 291 .
1065 335 1114 403 οι

64 529 168 578 autem
185 514 351 598 perlectus,
367 513 505 600 perfecta
518 515 630 593 utique
649 505 803 593 largietur.
842 510 905 576 Nee
917 513 1009 599 longe
1032 526 1120 597 post:

64 596 293 663 lllu'minatione
304 601 441 661 tenebras
451 600 551 660 'deleri
562 615 683 656 necesse
698 607 753 654 est.
773 595 926 659 Tenebrae
938 613 1039 660 autem
1051 612 1125 660 sunt

62 687 228 768 ignoratio,
252 705 308 767 per
332 706 419 766 quam
447 685 479 745 in
502 691 630 767 peccata
651 679 831 754 incidimus,
851 684 931 757 circa
961 687 1123 744 veritatem

61 769 288 829 lrallucinantes.
339 770 481 852 Cognitio
516 786 590 847 ergo
623 775 668 823 est
699 762 897 842 illuminatio,
921 789 999 849 quae
1026 768 1124 828 -delet

62 856 306 934 ignorationem,
345 864 374 912 et
404 851 611 936 perspicacem
643 847 769 906 videndi
802 848 971 911 facultatem
1003 854 1122 913 inserit.

62 939 248 1013 Quinetiam
273 958 390 1014 eorum,
413 944 580 1017 quaesunt
605 929 766 1007 deteriora,
792 934 917 995 reiectio
945 948 990 996 est
1009 936 1123 996 melio-

59 1044 129 1081 rum
163 1022 318 1083 revelatio.
361 1023 452 1098 Quae
482 1021 561 1094 enim
590 1013 669 1074 male
689 1014 846 1096 colligavit
879 1019 1054 1101 ignoratio,
1088 1039 1125 1079 ea

57 1105 186 1190 pulcbre
209 1107 339 1167 resolvit
359 1106 488 1189 agnitio·
530 1102 625 1160 Haec.
640 1111 741 1159 autem
761 1100 880 1160 vincula
911 1125 1002 1184 quam
1024 1102 1124 1163 celer·

59 1194 133 1250 rime
157 1194 379 1267 remittuntur,
403 1189 536 1248 bumana
560 1182 685 1264 quidem
703 1181 776 1259 fide,
797 1183 902 1244 divina
922 1208 993 1248 vero
1018 1188 1124 1270 gratia,

60 1296 129 1335 cum
147 1278 347 1336 remittuntur
369 1282 497 1356 peccata
519 1289 580 1328 uno
599 1268 817 1329 medicamento
840 1268 996 1346 Paeonio,
1012 1290 1126 1350 nempe

60 1359 176 1419 verbali
198 1360 370 1442 baptismo.
415 1355 526 1413 Omnia
547 1372 620 1436 ergo
642 1363 768 1433 peccata
791 1350 932 1426 eluimus,
953 1365 984 1412 et
1004 1354 1128 1411 evesti-

60 1447 109 1527 gio
129 1444 200 1503 mali
220 1464 286 1503 non
309 1457 414 1498 sumus
436 1435 570 1517 amplius.
613 1437 680 1495 Una
695 1446 742 1494 est
761 1433 836 1493 haec
860 1437 955 1518 gratia
975 1435 1130 1494 illumina·

57 1529 161 1602 tionis,
183 1525 273 1606 quod
291 1542 360 1582 non
375 1522 438 1580 sint
454 1520 544 1579 iidem
564 1524 676 1596 mores,
693 1520 845 1606 quierant
864 1532 1026 1602 antequam
1046 1518 1130 1579 lava·

42 1669 48 1681 ,
58 1629 178 1671 remur.

50 1743 54 1749 ,
114 1747 116 1751 ,
155 1704 208 1756 12.
250 1684 575 1753 CHRYSOSTOMUS
597 1677 761 1750 inhomilia
780 1684 1021 1770 adneopbytosr
1042 1686 1125 1748 Ecce
1163 1695 1166 1703 ’

59 1775 221 1837 libertatis
242 1773 404 1832 serenitate
420 1772 639 1854 perimuntur,
660 1775 714 1854 qui
735 1773 916 1833 tenebantur
937 1773 1030 1855 paulo
1045 1774 1123 1832 'ante
1205 1845 1208 1851 Ι

58 1859 192 1942 captivi:
212 1868 242 1916 et
253 1858 333 1915 cives
347 1855 483 1916 ecclesiae
496 1869 573 1934 sunt,
592 1859 646 1938 qui
670 1857 795 1917 fuerunt
815 1859 846 1916 in
867 1859 1120 1940 peregrinationis
1131 1863 1221 1926 noega·
1236 1867 1295 1924 m,-

58 1963 186 2004 crrorc:
201 1941 368 2020 etjustitiae
380 1941 410 1998 in
423 1951 508 1999 sorte
520 1953 684 2017 versantur,
699 1944 752 2022 qui
765 1943 927 2002 fueruntin
940 1942 1119 2002 confusione
1131 1918 1295 1960 ruminum

58 2028 190 2112 peccati.
231 2024 304 2084 Non
327 2025 403 2083 enim
428 2036 498 2084 sunt
522 2037 639 2086 tantum
660 2025 761 2101 liberi,
787 2029 841 2087 scd
862 2039 892 2086 et
916 2033 1025 2087 sancti:
1056 2047 1121 2087 non

59 2123 178 2174 tanum
195 2111 303 2185 sancti,
325 2108 380 2169 sed
398 2120 428 2168 et
440 2111 532 2189 justi:
554 2130 609 2170 nec
627 2109 730 2170 solum
743 2113 833 2192 justi,
850 2110 904 2170 sed
923 2122 953 2170 et
969 2109 1043 2171 filii:
1064 2129 1122 2172 nec

62 2197 163 2256 solum
181 2192 248 2269 filii,
272 2191 327 2253 sed
348 2204 378 2252 et
392 2190 552 2259 haeredes:
574 2214 630 2253 nec
648 2194 746 2254 solum
766 2195 923 2270 baercdes,
945 2193 998 2253 sed
1012 2206 1042 2253 et
1055 2194 1121 2254 fra·-

64 2294 127 2339 trcs
147 2277 321 2338 CHRJSTI:
344 2297 399 2336 nec
418 2289 532 2337 tantum
554 2278 664 2338 fratres
679 2278 859 2353 CHRISTI,
882 2278 934 2337 sed
956 2289 986 2336 et
1009 2276 1121 2337 cohae-

63 2363 166 2424 redes:
185 2384 249 2423 non
268 2361 367 2422 solum
390 2361 584 2438 cohaeredes,
605 2360 707 2420 sedet
726 2361 875 2445 membra:
897 2381 961 2419 non
986 2361 1138 2418 membra.

62 2460 192 2524 tantum,
206 2446 259 2507 sed
278 2459 308 2506 et
318 2445 480 2528 templum:
503 2444 558 2506 sed
571 2465 628 2503 nec
639 2456 755 2504 tantum
768 2442 925 2523 templum,
941 2442 994 2501 sed
1007 2460 1122 2525 organa

60 2534 199 2616 spiritus.
242 2530 346 2607 Vides,
359 2542 434 2612 quot
449 2534 513 2590 sint
529 2529 720 2610 baptismatis
742 2527 916 2610 largitates?
946 2525 1008 2587 Sed
1021 2527 1120 2587 multis
1131 2536 1183 2577 Non
1191 2539 1299 2595 nolapoe.

61 2617 186 2698 quidem
209 2615 339 2692 videtur,
362 2615 521 2674 caelestem
535 2613 661 2694 gratiam
681 2617 713 2670 in
727 2624 920 2695 peccatorum
939 2623 1056 2672 tantum
1070 2594 1236 2680 re-fiiilim
1261 2604 1298 2633 '⁸'

60 2701 204 2762 missione
224 2702 405 2760 consistere:
436 2719 493 2757 nos
517 2708 615 2755 autem
634 2695 768 2758 bonores
797 2700 1043 2778 computavimus·
1065 2697 1121 2757 de·
1180 2736 1184 2745 ·

60 2807 136 2845 cem.
179 2785 244 2844 Hac
261 2784 299 2843 de
312 2801 402 2840 causa
420 2793 452 2839 et
462 2783 525 2861 jam
543 2781 710 2842 infantulos
721 2781 917 2864 baptizamus,
932 2794 968 2842 ut
985 2803 1048 2842 non
1060 2785 1120 2843 sint

61 2870 252 2950 coinquinati
272 2877 408 2948 peccato,
424 2877 458 2923 ut
469 2868 509 2924 eis
529 2866 659 2925 addatur
670 2870 820 2942 sanctitas,
832 2868 959 2946 justitia,
979 2866 1118 2952 adoptio,
1130 2899 1223 2941 pm„
1241 2914 1282 2942 0„

60 2952 247 3026 baereditas,
268 2951 441 3009 fraternitas
466 2950 635 3027 CHRISTI,
656 2963 693 3013 ut
720 2953 789 3034 ojus
813 2950 949 3011 membra
967 2954 1028 3012 sint
1052 2950 1284 3012 om·¹²⁸t¹²¹⁸²²¹¹¹·

61 3057 131 3116 nes,
167 3046 206 3094 ut
230 3035 357 3115 spiritus
374 3032 522 3094 habitatio
543 3033 605 3095 fiat
1068 3036 1075 3044 “

149 3131 201 3187 15.
244 3117 352 3177 IDEM
372 3117 402 3174 in
429 3117 554 3179 bomilia
575 3118 614 3179 ad
642 3115 859 3200 baptizandos:
892 3117 984 3198 Nunc
1013 3118 1120 3180 sordes
1131 3134 1226 3196 nonan
1243 3149 1291 3196 qn.

61 3206 207 3291 corporis
241 3203 401 3262 Judaicurn
423 3200 573 3263 lavacrum
607 3203 800 3263 emundabat.
852 3204 981 3263 Divinae
1022 3216 1121 3264 antem
1133 3188 1280 3277 ffi2.‚¹'⁰⁹²¹*

61 3293 177 3376 gratiae
200 3287 355 3347 lavacrum
372 3307 435 3345 nou
458 3289 605 3369 corporis,
622 3287 676 3347 sed
703 3289 819 3346 animae
834 3287 982 3347 maculam
998 3288 1124 3349 sordes·

61 3396 123 3457 que
147 3372 298 3433 mundare
310 3373 475 3430 consuevit.
517 3372 586 3431 Non
605 3373 680 3430 enim
702 3391 764 3447 eos,
785 3375 837 3451 qui
854 3383 974 3433 mortua
992 3394 1125 3457 corpora

60 3462 242 3543 tetigerunt,
264 3455 318 3514 sed
331 3475 394 3531 eos,
411 3457 466 3535 qui
485 3455 630 3536 operibus
644 3457 772 3515 mortuis
785 3469 1030 3539 praegravantur,
1055 3456 1126 3533 effi·x

60 3547 104 3604 cit
117 3541 258 3602 mundos.
288 3541 356 3601 Etsi
367 3540 476 3615 mollis,
490 3541 545 3598 etsi
555 3539 736 3614 fornicator,
751 3541 805 3599 etsi
818 3541 910 3600 idolis
922 3544 1062 3617 serviens,
1070 3545 1127 3604 etsi

60 3626 142 3711 quid
152 3625 235 3685 aliud
246 3624 425 3705 hujusmodi
440 3643 546 3708 gerens
556 3625 705 3704 quispiam
717 3627 899 3704 reperiatur,
912 3628 966 3686 etsi
976 3627 1125 3689 omnibu·

58 3732 149 3772 mana
157 3709 396 3771 detestabilitate
409 3710 503 3769 fuerit
514 3719 740 3790 praegravatus,
751 3711 806 3768 etsi
815 3713 909 3770 totius
923 3712 1041 3772 malitiae
1061 3735 1122 3773 no.-

61 3796 107 3857 dis
117 3795 304 3856 adstrictus:
326 3816 393 3854 cum
404 3795 443 3854 ad
453 3794 536 3853 illam
549 3794 728 3851 natatoriam
737 3797 865 3870 venerit,
880 3796 1034 3856 cumillius
1048 3799 1120 3857 fon-

62 3883 99 3939 tis
111 3881 237 3942 divinos
247 3881 376 3939 senserit
386 3881 476 3954 rivos,
495 3876 575 3937 Solis
595 3874 688 3936 radiis
701 3877 843 3937 mundior
855 3879 996 3943 elevatur.
1025 3883 1065 3943 Et
1080 3904 1119 3942 ne
1131 3885 1283 3947 Sobara&

106 3977 163 4042 tes,
174 3962 349 4023 ambitionis
362 3966 457 4047 gratia
475 3963 550 4022 baec
570 3961 663 4021 verba
682 3962 828 4043 proferri,
849 3962 1058 4027 audiPaulum
1080 3967 1117 4027 de
1130 3937 1295 4037 libidini?

1130 4040 1178 4074 tu.

90 4050 157 4129 ujus
169 4048 283 4108 lavacri
295 4049 406 4108 virtute
418 4048 582 4108 dicentem:
596 4046 699 4107 Nolite
712 4067 824 4123 errare,
836 4069 892 4108 nec
907 4047 950 4126 bi,
964 4053 1018 4132 qui
1029 4050 1119 4111 idolis
1134 4049 1218 4130 1.⁵cor.
1227 4089 1247 4126 ᾗ
1256 4091 1278 4135 9,

66 4134 208 4210 cernunt,
228 4146 285 4191 nec
300 4131 511 4208 fornicatores,
533 4150 589 4191 neu
611 4130 754 4207 adulteri,
777 4144 834 4195 etc.
863 4132 904 4193 Et
914 4133 998 4212 haee,
1008 4137 1120 4215 inquit,

64 4213 188 4298 qnidam
208 4219 303 4279 eratis
325 4229 385 4279 etc.
425 4216 493 4280 Not·
507 4217 630 4299 quidem
652 4215 834 4302 pollicemur
852 4217 941 4310 vobis
956 4219 1123 4282 ostendere
