2790 4792
604 132 624 159 0

64 344 146 417 diii
568 334 913 447 titulat*

107 518 252 591 baptismo
271 522 333 579 iiari
349 525 404 594 iam
424 527 493 583 oiirn
511 525 604 580 soient
627 531 671 583 ss.
708 517 841 576 Inimicus
857 517 902 574 sni
918 516 1017 592 ipsius
1040 508 1132 594 quis
1251 527 1302 584 256.

108 592 160 645 uhi
180 605 229 647 sut
247 597 361 668 quando
381 599 514 655 facienda
561 622 564 627 ·
628 607 672 657 30.
709 591 888 649 innocentius
898 593 922 649 1.
934 592 1016 666 quiri
1029 592 1073 646 de
1088 593 1193 649 subita
1202 592 1250 649 isici

72 664 220 719 immolari
233 670 402 725 sacrificium
413 684 545 745 tempore
557 670 601 742 ig·
741 665 778 725 ad
804 682 938 719 summum
959 665 1185 722 sacerdotium
1209 685 1253 740 prs

108 737 178 791 natii
198 741 311 796 solitum
611 749 672 802 165.
744 739 871 793 motione
888 738 1044 795 censuerit
1257 746 1299 808 tat.

71 807 295 895 immortaiitatis
307 815 359 888 qui
376 813 533 889 participes
543 815 603 872 effi·
709 809 870 866 innocentii
881 809 970 933 primi
995 813 1109 880 Papae
1135 812 1173 869 ds
1189 812 1254 868 insti·

109 900 218 937 ctamur
614 894 673 955 thy.
745 883 812 937 tutis
832 881 1042 936 eccesiastieis
1065 887 1211 941 sententia
1270 893 1304 944 ii.

72 955 217 1027 impanari
236 959 283 1012 nsi
305 958 429 1014 invinari
438 960 601 1028 ’Christum
745 956 781 1009 (le
800 965 926 1009 “irem
939 955 1103 1013 Πΰθῑῐῡῐιθ
1196 966 1307 1025 sitdiu

110 1047 194 1101 quam
213 1027 249 1084 sit
267 1030 421 1086 absurdum
611 1039 672 1101 147.
709 1027 869 1083 innocentii
888 1028 912 1080 Ι.
935 1025 974 1081 dc
1004 1033 1222 1092 sacramentalis

72 1100 271 1172 impanatores
297 1104 431 1160 hodierni
458 1106 605 1179 quomodo
745 1099 984 1155 Confirmtfionit
997 1103 1252 1160 ministrotenten·

107 1173 166 1244 jam
186 1176 256 1231 oiim
275 1186 305 1233 et
320 1177 399 1234 unde
414 1180 556 1235 confutati
612 1187 673 1247 liti.
746 1173 786 1227 23³
848 1242 856 1257 ,
1271 1183 1308 1238 85·

609 1261 673 1321 118,
744 1244 782 1300 dc
802 1260 948 1310 malorum
964 1254 996 1298 et
1009 1247 1164 1305 minorum
1174 1267 1252 1304 sacer·

72 1316 280 1390 Impedimcnta
304 1322 483 1377 matrimonii
501 1334 531 1379 et
549 1334 603 1380 sta·
747 1316 845 1371 dotum
865 1315 1062 1377 institutione
1253 1329 1306 1388 392.

110 1401 201 1461 tuere,
222 1405 251 1450 et
273 1393 391 1452 demere
407 1396 555 1453 ecclesiam
711 1389 880 1447 inordinata
897 1400 929 1442 et
948 1389 1154 1467 incomposita
1167 1395 1253 1450 omnia

108 1481 193 1537 posse
614 1474 677 1537 aaz,
748 1462 822 1517 unde
841 1460 970 1516 dicenda
1234 1468 1237 1473 '
1255 1471 1299 1534 ist.

72 1532 269 1608 impositionis
281 1558 414 1597 manuum
426 1540 469 1601 vis
484 1550 607 1596 autusus
712 1534 867 1611 inquisitio
887 1553 967 1607 quae
984 1538 1042 1592 ubi
1062 1542 1220 1596 necessaria
1251 1542 1298 1600 'iii-

112 1610 176 1682 quis
326 1620 328 1625 '
533 1625 595 1677 383.
614 1620 677 1682 382,
716 1609 1006 1682 insaniaeorumqui
1020 1629 1128 1685 corpus
1139 1612 1251 1668 Domini

75 1680 251 1754 improbitas
269 1700 343 1771 quae
355 1697 404 1742 aut
415 1705 537 1761 quornm
556 1688 607 1743 uhi
688 1702 691 1707 ·
748 1679 903 1752 imaginem
923 1698 988 1738 csse
1006 1697 1149 1753 asserunt,
1167 1705 1251 1760 qnan-
1270 1734 1274 1747 ,

112 1757 185 1810 nihii
205 1757 313 1813 officiat
633 1768 678 1819 21.
748 1765 778 1810 i&
1258 1766 1302 1818 111.

75 1828 219 1882 immundi
239 1848 255 1883 a
274 1848 490 1886 sacramencum
502 1829 609 1903 suppti-
712 1829 832 1883 Insanos
850 1841 913 1879 esse
933 1822 1096 1885 haereticos
1115 1848 1181 1896 eos,
1199 1831 1248 1903 qni

113 1900 157 1952 eia
177 1901 246 1952 olim
265 1920 339 1972 quae
613 1912 676 1964 235.
745 1899 904 1954 ¹veritatem
925 1902 1113 1958 eucharistiae
1136 1905 1165 1956 in
1184 1903 1245 1960 scio

77 1967 197 2021 incensa
214 1973 329 2036 mystice
348 1969 417 2037 quid
561 2011 566 2021 ι
616 1987 678 2036 177.
749 1990 804 2024 usu
823 1971 1004 2028 constituunt
1201 2004 1205 2009 ·
1247 1981 1299 2030 111.
1329 1990 1334 2009 ¹

75 2038 205 2093 incestae
232 2040 450 2105 conjunctiones
473 2041 607 2107 mysticae
714 2042 916 2096 inscrutabilis
926 2047 1001 2112 cujus
1010 2044 1055 2099 rei
1068 2045 1168 2098 modus
1177 2044 1293 2114 quistis.

115 2128 189 2185 quae
208 2111 305 2184 quales
613 2121 676 2183 468.
714 2115 847 2169 Instituta
864 2133 934 2190 qum
952 2110 1122 2188 quantopere
1137 2131 1192 2166 ser-

76 2184 290 2241 Incontinentes
317 2180 416 2251 (modo
434 2201 494 2237 non
507 2187 607 2258 poeni·
750 2185 845 2241 vande
1048 2224 1051 2229 -
1243 2189 1288 2242 ii.

112 2265 205 2320 teant)
229 2256 391 2313 sacerdotes
411 2269 532 2313 mortem
550 2261 610 2317 ani.
715 2260 868 2314 institutor
888 2257 1120 2316 sacrificiiiiiissas
1136 2256 1229 2312 incru-
1315 2276 1319 2283 ·

115 2350 178 2386 mae
198 2332 384 2386 certissimam
402 2349 517 2389 manere
615 2340 679 2402 ast.
751 2332 810 2387 enti
830 2333 898 2405 quis
1242 2333 1302 2392 169.

78 2405 266 2476 incorporari
284 2422 337 2460 nos
358 2404 471 2461 Christo
489 2427 544 2482 per
561 2427 610 2465 eu.
715 2405 924 2460 insufflationis
944 2405 992 2461 vis
1008 2415 1104 2479 quanta
1263 2411 1306 2463 ho.

115 2479 277 2532 charistiam
617 2487 679 2548 104,
716 2480 862 2551 integrum
882 2496 941 2532 una
971 2479 1023 2534 sub
1043 2478 1131 2551 specie
1147 2473 1244 2531 eueha-

79 2550 226 2603 incruenti
244 2551 273 2602 in
286 2550 405 2605 ecelesia
416 2552 548 2607 sacrificii
567 2571 609 2608 as·
752 2550 851 2604 ristiae
868 2552 1020 2606 contineri
1039 2553 1178 2606 Christum
1249 2555 1307 2610 218·

115 2623 204 2675 sertio
224 2638 256 2674 ec
279 2621 434 2694 descriptio
617 2636 680 2690 197.
716 2624 841 2677 intentio
861 2641 938 2694 quae
960 2626 993 2678 in
1006 2625 1115 2700 quarm
1128 2622 1195 2698 quid
1208 2639 1249 2676 re-

80 2696 251 2747 ineruentae
269 2693 379 2748 hostiae
399 2697 518 2751 assertio
617 2651 702 2760 178.i
752 2696 884 2769 quiratur
1276 2697 1304 2750 12

80 2768 247 2820 incruentas
257 2765 399 2820 offerendi
411 2770 539 2824 victimas
547 2786 611 2823 auc·
717 2769 858 2822 interesse
875 2765 980 2822 officio
1002 2779 1053 2823 aut
1072 2769 1213 2823 sacriiieio

116 2850 208 2892 torem
231 2854 292 2892 esse
315 2837 488 2899 Christum,
621 2849 679 2907 160.
752 2840 1257 2914 Missaemagnamangeiorummnl-
1320 2884 1324 2891 .

79 2909 281 2966 indifferentia
312 2910 382 2963 olim
400 2912 494 2976 licita,
514 2908 565 2985 qui
584 2924 613 2967 et
751 2913 906 2968 titudinem
1259 2915 1298 2970 iii

116 3001 166 3036 cur
184 2982 270 3037 hodic
288 3002 346 3036 non
367 2984 444 3038 licita
539 2993 600 3044 201.
618 2993 680 3044 202.
717 2987 844 3041 interior
863 2985 959 3037 cuitus
981 2985 1103 3041 divinus
1123 2985 1193 3060 quid
1284 2985 1300 3037 1.

47 3079 49 3083 ’
79 3056 200 3129 indigne
220 3056 420 3111 eucharistiam
442 3058 612 3113 sumentium
718 3058 896 3114 intermissio
921 3061 1138 3114 communionis
1157 3057 1227 3135 quid

117 3148 211 3201 poena
230 3141 278 3183 aut
297 3130 440 3184 calamitas
459 3148 531 3200 quae
621 3139 681 3191 232.
755 3142 929 3201 quantumve
945 3143 1056 3185 noceat
1261 3132 1303 3188 iti

82 3203 202 3272 indigne
216 3203 413 3257 eucharistiam
433 3205 496 3275 quis
516 3215 607 3259 sumat
619 3214 682 3266 255.
718 3203 911 3258 inveniendus
928 3203 1004 3255 haud
1021 3204 1115 3259 facile
1133 3202 1198 3278 quis
1262 3205 1302 3261 iii·

44 3307 47 3313 ν
82 3274 301 3329 indivisibilitas
320 3274 495 3329 matrimonii
515 3277 585 3350 quid
719 3275 1007 3332 invinariChristum
1027 3296 1120 3348 qnam
1139 3278 1176 3332 sit
1193 3275 1258 3330 ridi.

119 3346 346 3418 mysticesignet
620 3356 683 3417 447,
756 3350 848 3402 cuium
868 3357 896 3401 et
915 3346 1094 3414 absurdum,
1115 3350 1184 3405 iicet
1201 3348 1258 3420 qui·

84 3420 291 3492 indulgentiam
304 3430 487 3491 peccatorum
506 3419 536 3476 in
544 3423 613 3496 bap·
666 3484 668 3489 ,
754 3420 872 3475 busdam
886 3420 1043 3483 haereticis
1056 3424 1147 3478 hodie
1160 3422 1256 3488 (cidiis

121 3493 204 3548 tismc
220 3493 355 3546 conferri.
369 3494 496 3547 omnium
639 3486 683 3554 5⁸7.
756 3496 862 3565 piacet)
877 3490 1034 3564 plausibile
1260 3493 1307 3553 lit.

85 3567 212 3621 infantes
232 3564 283 3638 qui
304 3577 353 3618 aut
364 3585 416 3637 per
429 3585 501 3638 quos
518 3566 616 3620 diabo·
721 3569 853 3621 inunctio
866 3565 1041 3636 episcopalis
1058 3564 1114 3639 qui
1130 3568 1190 3636 jam
1198 3567 1251 3622 oiim

120 3642 149 3694 io
167 3637 346 3706 renunciant,
363 3650 391 3694 et
406 3639 490 3695 fidem
500 3641 616 3712 profite·
758 3640 787 3692 in
805 3639 951 3712 baptizato
970 3636 1113 3701 adhiberi
1129 3643 1216 3696 soleat
1268 3637 1305 3688 28.

121 3725 204 3766 antur
246 3753 251 3763 s
514 3720 621 3778 sisio.
642 3719 686 3774 72.
722 3713 854 3767 inunctio
867 3728 939 3784 quae
953 3709 1023 3762 oiim
1037 3711 1095 3783 qui
1117 3708 1256 3768 fierisolita
1269 3711 1304 3760 ts.

87 3787 230 3839 infantum
258 3783 518 3840 sastctificationem'
536 3803 590 3857 per
758 3802 830 3857 quae
851 3785 895 3836 cui
915 3801 1008 3854 aquo
1029 3782 1177 3842 facienda
1270 3786 1305 3836 st·

122 3850 292 3928 baptismum
312 3855 375 3911 fieri
640 3862 685 3924 43.
758 3876 830 3930 quae
850 3856 920 3929 quid
937 3872 1008 3927 prae
1033 3851 1066 3911 se
1088 3858 1175 3926 ferat
1273 3855 1310 3912 ii·

87 3927 247 3984 infantibus
259 3931 335 3986 unde
348 3941 397 3985 aut
411 3929 461 4004 qni
475 3948 524 3984 sua
544 3930 616 3985 invi·
756 3941 823 4000 post
840 3929 1013 4002 baptismum
1032 3929 1088 3998 qui
1109 3945 1164 3989 aut
1183 3931 1231 3989 ubi

125 3998 224 4051 dentur
245 4004 318 4057 salus
620 4049 623 4054 .
639 4009 685 4069 itit·
756 4003 806 4056 fiat
1279 4001 1315 4055 33'

88 4072 216 4128 infantes
234 4071 424 4138 damnationi,
446 4074 504 4130 nisi
522 4075 616 4148 bapti·
721 4073 881 4148 inungendi
900 4083 1026 4127 extrema
1042 4077 1193 4134 unctione
1212 4073 1316 4148 quiiii·

128 4153 246 4204 nentur,
277 4162 338 4199 esse
365 4159 413 4203 aut
430 4167 546 4205 manere
566 4149 616 4205 ob·
1268 4149 1317 4208 iii·

128 4217 229 4277 noxios
525 4256 532 4279 ,-
637 4225 684 4288 hs.
720 4220 838 4276 ioannis
855 4216 974 4293 alienius
993 4217 1089 4286 Secti,
1110 4240 1176 4279 non
1190 4222 1265 4278 iliius
