2790 4792
277 343 357 414 m
520 327 1119 399 DBMGRAMBMO

105 567 266 614 ‚mm
281 533 374 584 orent
403 542 496 605 super
525 543 612 597 eum,
646 516 798 604 ungentes
819 542 886 581 eum
908 518 978 582 oleo
1008 512 1192 578 innomine
1211 512 1342 575 Domini:

112 621 152 666 15·
282 618 313 668 et
334 610 430 667 oratio
452 607 524 666 fidei
558 604 685 667 salvabit
719 604 891 682 infirmum,
916 617 946 665 et
978 600 1136 664 alleviabit
1157 619 1235 659 eum
1252 601 1344 660 Domi-

281 712 359 764 nus,
388 705 418 752 et
442 694 465 751 si
488 694 519 750 iu
544 694 677 773 pcccatis
706 693 774 767 sit,'
790 691 981 751 dimittentur
1009 689 1047 746 ei·
1097 683 1233 761 Quibus
1250 684 1343 758 verbis,

282 787 317 835 ut
334 797 369 836 ex
388 776 566 858 Apostolica
587 775 754 836 traditione
777 796 835 859 per
861 794 967 834 manus
989 766 1117 853 accepta
1143 768 1286 829 Ecclesia
1303 769 1346 827 di·

282 861 372 936 dicit,
406 860 497 921 docet
530 862 717 935 materiam,
739 859 891 936 formam,
912 859 1075 942 proprium
1093 855 1297 928 ministrnm,
1323 863 1346 911 et

186 976 192 986 ·
284 943 424 1005 effectum
445 945 537 1026 hujus
560 944 697 1003 salutaris
728 945 916 1004 sacramenti.
971 939 1126 1001 intellexit
1146 939 1235 997 enim
1258 937 1347 996 Eccle·

284 1031 330 1089 sia
344 1034 498 1090 materiam
520 1050 583 1089 esse
603 1028 705 1088 oleum
719 1028 757 1088 ab
778 1030 933 1111 Episcopo
953 1024 1170 1091 benedictum
1195 1042 1268 1081 nam
1289 1043 1348 1080 uno

283 1115 329 1173 tio
344 1117 498 1196 aptissime
527 1114 653 1196 spiritus
676 1116 772 1173 sancti
796 1117 944 1196 gratiam,
966 1130 1025 1191 qua
1040 1107 1247 1167 invisibiliter
1267 1127 1347 1167 amma

284 1202 470 1280 aegrotantis
503 1199 678 1280 inungitur,
696 1209 921 1279 repraesentat.
974 1196 1122 1254 Formam
1166 1191 1283 1251 deinde
1296 1210 1347 1251 esse

284 1283 337 1343 illa
362 1283 477 1343 verba:
496 1282 558 1343 Per
582 1284 671 1342 istam
687 1284 862 1341 unctionem
884 1293 940 1341 etc.

366 1366 501 1426 CAPUT
521 1382 569 1433 2:
588 1368 648 1427 Res
674 1386 772 1448 porro
797 1379 828 1426 et
847 1365 971 1424 effectus
991 1360 1087 1440 hujus
1111 1360 1297 1419 sacramenti
1316 1357 1347 1418 il·

284 1450 322 1511 lis
339 1452 437 1511 verbis
461 1451 645 1534 explicatur:
687 1450 729 1510 Et
752 1453 851 1510 oratio
871 1449 943 1508 fidei
969 1445 1100 1507 salvabit
1121 1442 1300 1517 infirmum,
1326 1454 1348 1501 et

284 1536 439 1596 alleviabit
460 1557 528 1596 eum
552 1538 721 1596 Dominus:
756 1547 786 1594 et
807 1537 832 1594 si
857 1537 889 1593 iu
918 1532 1051 1615 peccatis
1077 1531 1137 1607 sit,
1168 1530 1349 1588 dimittentur

285 1622 324 1683 ei.
367 1623 425 1680 Res
443 1623 552 1680 etenim
583 1620 660 1681 haec
673 1622 770 1703 gratia
787 1633 833 1680 est
854 1620 979 1702 spiritus
1000 1616 1118 1687 sancti,
1162 1615 1257 1695 cujus
1285 1632 1350 1671 une

284 1706 330 1763 tio
353 1705 482 1776 delicta,
503 1707 529 1763 si
553 1727 631 1786 quae
647 1707 709 1764 sint
727 1703 830 1765 adhuc
849 1701 1005 1786 expianda,
1028 1720 1064 1758 ac
1078 1701 1203 1778 peccati
1218 1698 1351 1778 reliquias

286 1787 450 1872 abstergit,
480 1800 509 1847 et
531 1789 647 1870 aegroti
672 1790 800 1848 animam
820 1788 939 1847 alleviat
959 1798 988 1844 et
1014 1781 1201 1858 confirmat,
1224 1801 1352 1864 magnam
1379 1822 1386 1843 ·.

113 1893 256 1945 naam,
285 1873 317 1930 in
352 1892 390 1931 eo
412 1871 529 1931 divinae
552 1873 780 1932 misericordiae
802 1870 945 1931 fiduciam
975 1867 1160 1929 excitando:
1194 1887 1253 1946 qna
1271 1863 1353 1924 infir-

112 1957 147 1999 ⁸‘¹·
284 1975 351 2013 mus
380 1953 575 2029 sublevatus,
602 1967 634 2014 et
661 1955 762 2015 morbi
799 1955 1016 2029 incommoda,
1049 1974 1085 2012 ac
1114 1950 1234 2010 laboral
1258 1950 1351 2007 levius

285 2039 362 2113 lert,
407 2048 438 2097 et
468 2036 691 2098 'tentationibus
711 2037 881 2115 dammis,
918 2038 1062 2097 calcanco
1084 2032 1244 2096 insidiantis
1267 2031 1345 2089 faci-

285 2119 345 2181 lius
362 2122 490 2196 resistit,
512 2135 543 2182 et
562 2123 720 2181 sanitatem
741 2125 881 2204 corporis
899 2123 1068 2199 interdum,
1095 2119 1147 2180 ubi
1167 2115 1257 2176 saluti
1278 2115 1343 2174 ani-

286 2226 352 2267 mae
374 2204 556 2288 expedierit,
592 2207 799 2288 consequitur.

368 2290 502 2350 CAPUT
521 2305 572 2359 3.:
601 2291 667 2351 lant
689 2310 765 2354 vero
782 2291 869 2372 quod
890 2293 999 2351 attinet
1021 2290 1062 2350 ad
1086 2285 1351 2371 praescriptionem

286 2396 394 2436 eorum
405 2419 415 2452 ,
439 2378 491 2457 qui
511 2389 541 2436 et
561 2379 716 2458 suscipere
733 2386 763 2435 ct
783 2378 956 2436 ministrare
982 2375 1042 2433 hoc
1063 2384 1283 2433 sacramentum
1301 2369 1352 2428 de-

282 2460 376 2535 bent,
412 2459 496 2521 baud
522 2460 655 2522 obscure
678 2463 738 2522 luit
757 2458 837 2520 illud
870 2464 958 2522 ctiam
994 2462 1024 2517 in
1061 2457 1166 2517 verbis
1195 2452 1356 2539 praedictis

287 2545 453 2604 traditum:
483 2567 551 2605 nam
567 2558 598 2606 et
623 2547 797 2623 ostenditur
821 2546 882 2606 illic
902 2547 1048 2629 proprios
1065 2542 1165 2623 hujus
1181 2537 1354 2601 sacramenti

111 2646 225 2689 minister.
286 2632 441 2688 ministros
469 2651 531 2688 esse
565 2630 718 2690 Ecclesiae
744 2630 960 2713 presbyterem
1000 2649 1061 2708 quo
1083 2630 1211 2686 nomine
1232 2645 1271 2684 eo
1289 2623 1353 2683 loco

285 2732 349 2772 uon
371 2724 467 2771 aetate
498 2715 630 2772 seniores
649 2728 701 2775 aut
721 2715 872 2797 primores
895 2717 926 2774 in
950 2713 1071 2797 populo
1092 2708 1287 2794 tutelligeudi
1307 2727 1353 2766 ve·

113 2797 392 2878 animatauiunt,
420 2797 474 2855 sed
497 2810 549 2857 aut
581 2797 745 2880 Episcopi,
788 2811 841 2857 aut
872 2800 1043 2859 sacerdotes
1068 2795 1106 2855 ab
1136 2799 1215 2878 ipsis
1235 2797 1293 2854 rite
1307 2813 1352 2852 or-

109 2869 382 2960 ssss¹¹¹¹lffl⁸⁰⁰¹dinati
414 2900 472 2961 per
502 2883 725 2962 impositionem
760 2904 901 2941 manuum
929 2880 1122 2966 presbytcri.
1177 2880 1352 2939 Declaratur

287 2967 374 3024 etiarn
397 2985 460 3022 esse
491 2965 571 3024 hanc
593 2968 768 3027 unctionem
792 2964 918 3026 infirmis
940 2965 1170 3041 adhibendam,
1207 2965 1266 3024 illis
1287 2980 1349 3022 vero

285 3050 481 3133 praesertim,
503 3053 556 3131 qui
584 3062 683 3109 tamen
715 3051 890 3133 periculose
926 3050 1132 3123 decumbunt,
1172 3061 1210 3108 ut
1233 3051 1263 3107 in
1285 3048 1350 3106 exitu

135 3164 250 3222 1,,μῆᾒο
286 3136 365 3194 vitae
397 3137 553 3195 constituti
586 3134 765 3196 videantur:
789 3135 871 3195 unde
897 3149 927 3197 et
948 3148 1170 3196 sacramentum
1190 3135 1350 3194 exeuntium

110 3211 189 3304 22¹3·
200 3227 273 3255 Μ’·
285 3231 488 3299 nuncupatur.
541 3220 636 3295 Quod
664 3221 688 3278 si
716 3219 825 3281 infirmi
849 3233 922 3304 post
946 3231 1115 3302 susceptam
1138 3218 1222 3277 hanc
1245 3217 1351 3278 unctio-

284 3324 353 3361 nem
374 3303 603 3379 convaluerint,
635 3305 745 3363 iterum
767 3306 862 3384 hujus
885 3306 1063 3366 saeramcnti
1086 3302 1234 3362 subsidio
1262 3299 1350 3384 juvari

59 3463 61 3466 y
284 3399 454 3470 poterunt,
490 3409 557 3446 cum
593 3390 624 3447 iu
657 3389 739 3450 aliud
770 3390 867 3454 simile
894 3394 972 3450 vitae
1004 3389 1165 3448 discrimen
1190 3387 1350 3448 inciderint

123 3488 272 3534 naereses,
286 3474 355 3546 Qua
376 3494 408 3530 re
437 3471 519 3530 nulla
543 3476 662 3532 ratione
675 3471 830 3533 audiendi
855 3489 948 3551 sunt,
973 3475 1027 3553 qui
1050 3484 1162 3532 contra
1183 3484 1253 3532 tam
1274 3489 1350 3553 aper·

35 3580 43 3601 v
108 3536 244 3629 222,ssff⁰‘²'
284 3569 342 3615 tam
367 3568 395 3615 et
426 3555 590 3615 dilucidam
621 3538 761 3638 Apusioli
796 3557 904 3618 Jacobi
937 3559 1115 3618 sententiam
1143 3556 1265 3618 docent
1284 3555 1349 3615 hanc

285 3644 483 3716 unctionem,
501 3640 548 3699 vel
570 3639 747 3724 figmentum
767 3663 829 3702 esse
851 3644 1034 3718 humanum,
1065 3641 1113 3701 vel
1138 3644 1241 3701 ritum
1265 3656 1347 3722 apa*

284 3724 382 3823 tribus
415 3738 589 3868 plccpptum,
615 3747 679 3806 ¹nec
710 3728 884 3872 mapldatum
915 3731 994 3803 Dei,
1037 3747 1092 3785 nec
1121 3729 1349 3816 promissionem

339 3823 398 3870 tiae
443 3831 458 3868 a
484 3823 579 3871 entem
621 3821 651 3870 et
717 3815 756 3872 'i
782 3834 828 3872 am
852 3815 910 3875 ‘am
931 3833 1060 3874 cessasse
1082 3825 1228 3872 asserunt
1314 3823 1345 3865 ast

286 3831 476 3976 {ingratiam
498 3833 865 3958 curationumqu‘lduutaxalt
889 3902 919 3959 in
940 3897 1097 3982 primitiva
1118 3857 1265 3958 Ecclesia
1279 3831 1349 3955 iiie·

188 4010 192 4019 ·
281 3978 377 4038 reuda
410 3992 513 4040 esscta
556 3993 587 4042 et
618 3983 671 4062 qui
695 3981 801 4042 dicunt
828 3987 922 4042 ritum
944 3995 974 4043 et
995 4000 1106 4054 usum,
1140 4001 1238 4061 quem
1261 3987 1352 4042 sancta

284 4061 421 4123 Romana
452 4064 590 4125 Ecclesia
622 4067 655 4126 iu
686 4065 781 4147 liujus
801 4069 979 4127 sacramenti
1011 4064 1281 4126 administratione
1303 4059 1354 4123 ob-

287 4159 402 4225 servat,
423 4147 531 4209 Jacobi
553 4148 695 4231 Apostoli
717 4154 879 4211 sententiae
900 4138 1089 4235 repugnare,
1120 4161 1215 4232 atque
1239 4150 1310 4210 ideo
1327 4145 1354 4202 5¹1

285 4229 380 4292 aliurn
411 4228 668 4299 cemnlutandum·
681 4242 783 4316 esses
800 4248 833 4298 et
863 4234 997 4320 denique
1018 4236 1073 4318 qui
1093 4228 1177 4296 hanc
1198 4245 1353 4296 extremam

1387 4230 1391 4357 l

1387 4506 1391 4642 l
