2790 4792
1341 146 1353 179 Ι

65 260 150 352 sse
377 330 380 337 .
542 278 932 378 tunna·

74 458 193 520 Divisio
214 465 461 523 sacramentorum
480 468 561 538 juxta
574 467 619 525 ‹li-
671 484 674 489 ·
724 463 818 522 notor
835 461 900 548 (pals
918 470 1074 538 quantum.
1086 469 1187 516 sarar
1274 466 1319 527 su
1354 446 1362 515 i

113 552 182 590 vum
201 538 404 611 Augustinus,
423 558 501 614 quse
645 549 689 601 10.
726 542 889 594 Domestica
906 531 1268 623 corporisGhristisuq·
1359 540 1362 551 ‘

75 608 192 663 Divisio
212 613 501 684 compraehensum
520 614 552 669 in
576 629 620 670 u.
762 609 806 664 tio
824 626 907 681 quam
924 608 994 662 clun
1015 607 1180 680 frequens
1215 612 1318 670 ioum

114 681 172 734 cris
191 682 282 737 literis
298 685 456 757 praecipua
477 685 573 758 qualis
626 692 690 748 ³60·
727 681 895 739 Dominicns
916 680 974 735 dies
997 697 1061 733 our
1095 678 1185 752 apud
1209 679 1274 734 cart
1356 674 1362 717 ‘⁴-

76 753 191 808 Divitcs
209 767 304 811 terrae
323 759 439 828 mystice
460 757 512 832 qui
629 766 692 819 152.
763 754 871 810 stianos
889 754 944 823 iam
961 753 1037 806 olim
1056 751 1147 808 adeo
1158 752 1268 808 celebris
1280 756 1318 812 nt

77 826 190 881 Diuites
209 829 258 901 qui
277 846 329 882 cur
348 828 522 902 deplorandi
629 841 693 894 335,
728 825 889 884 Dominicis
901 824 1014 879 fdiebus
1074 825 1112 880 ui
1143 827 1201 895 jam
1217 827 1274 881 olin

80 898 222 954 Divertio
241 903 332 966 nullo,
342 903 525 976 quantumvis
534 902 621 973 juste,
764 898 922 954 convenire
941 896 1025 951 soliti
1084 899 1221 954 hristiani
1280 902 1324 958 lii.
1360 968 1362 973 Ι

117 973 194 1026 solvi
213 974 359 1029 vinculum
378 975 555 1029 matrimonii
626 982 692 1045 457,
730 978 844 1028 Donum
864 969 942 1045 quod
961 968 1047 1024 unde
1081 972 1144 1046 qus*
1157 973 1276 1028 obtinea-

81 1045 229 1099 Doccntcs
247 1059 370 1120 utraque
389 1048 442 1103 sub
462 1049 622 1122 speciepo·
734 1060 737 1065 '
764 1056 814 1100 tur
1249 1076 1252 1081 ·
1278 1049 1324 1111 tii·

119 1117 223 1188 pulum
252 1119 533 1188 communicandum,
569 1139 621 1194 pu·
727 1122 843 1174 Donum
863 1112 1139 1192 continentiaequi
1154 1126 1199 1173 aut
1214 1115 1274 1191 qui-

119 1189 245 1246 niondos
629 1198 694 1259 219.
764 1190 819 1245 bus
838 1188 972 1260 obtingat
1277 1194 1326 1256 [Di-

82 1262 215 1316 Ducendi
250 1265 378 1322 officium
410 1265 516 1340 quibus
544 1283 622 1321 cum·
728 1268 813 1320 Dona
835 1261 957 1334 spiritus
981 1260 1092 1316 'sancti
1120 1278 1193 1335 quse
1216 1278 1271 1335 quo

118 1335 237 1390 missum
629 1347 693 1407 678.
764 1340 943 1390 sacramento
964 1333 1166 1388 conferantur
1295 1340 1326 1399 91.

83 1410 226 1464 Doctores
251 1409 405 1479 audiendi,
433 1429 494 1466 non
512 1411 624 1466 imitan·
729 1407 860 1466 Dotanda
878 1405 932 1479 qui
950 1408 1068 1480 templa
1087 1407 1274 1480 Gbryscstoni

123 1480 170 1548 di,
189 1482 240 1555 qui
545 1482 706 1554 4205421(
766 1483 844 1553 jussu
862 1490 912 1534 aut
930 1480 1000 1551 lege
1207 1483 1318 1546 toules

86 1554 231 1609 Doctrina
271 1554 523 1630 Sacramentorum
557 1570 624 1611 cen·
730 1551 927 1612 Dubitandum
956 1552 1013 1605 ubi
1031 1570 1096 1607 nen
1114 1551 1173 1619 sit,
1192 1553 1271 1608 etiam

121 1636 250 1700 tempta,
280 1628 332 1701 qui
351 1639 379 1683 et
397 1646 449 1683 cur
468 1629 623 1704 sacrilegos
766 1628 790 1682 si
810 1642 908 1680 sensus
926 1624 1018 1680 aliter
1036 1625 1148 1694 judicet
1276 1631 1318 1682 ltu

119 1699 209 1754 faciat
667 1711 694 1765 5,
710 1673 718 1780 Ι
732 1697 929 1757 Dubitandum
959 1697 999 1753 dc
1029 1699 1154 1753 veritate
1172 1716 1270 1771 corpo·

80 1773 231 1829 Doctrina
250 1771 286 1827 de
311 1783 421 1845 septem
440 1774 625 1832 moramentis
711 1795 718 1904 p
768 1772 809 1858 ris
820 1782 849 1858 et
862 1771 1014 1844 sanguinis
1025 1771 1269 1879 christiineuclpa-

84 1844 487 1972 Diicriiibeactbbdia’crbbisntis
505 1853 698 1974 summa-⁴41⁶
732 1855 1027 1991 Dplppppponopupsspe
1042 1931 1076 1970 re
1093 1933 1152 1971 non
1169 1845 1324 1970 aldiabm

120 1985 167 2039 ria
184 2001 258 2058 quae
278 1986 315 2037 tit
632 1997 698 2056 495.
769 1990 837 2044 dum
1265 1989 1318 2040 128·

85 2057 195 2115 Dolcre
223 2071 276 2108 nos
301 2055 387 2109 unice
413 2055 490 2109 uude
508 2059 624 2130 potissi·
731 2062 853 2115 Duobus
884 2077 902 2114 a
931 2057 1091 2130 conjugibus
1118 2055 1170 2126 qni
1192 2071 1253 2125 qua-

124 2146 202 2192 mum
220 2135 356 2205 oporteat
631 2098 717 2198 usui
768 2142 837 2188 tuor
854 2132 924 2187 fieri
939 2130 1041 2207 possint
1055 2125 1190 2182 adulteria
1252 2127 1312 2190 lio

91 2636 133 2692 Ea
150 2654 203 2693 nos
222 2634 261 2690 ali
278 2654 330 2702 re,
359 2652 444 2709 quam
467 2636 563 2710 angeli
585 2636 628 2691 vi·
736 2636 882 2693 Ecclesiae
913 2638 1112 2702 sacrificium,
1141 2631 1276 2692 Christum

129 2709 227 2764 dentes
247 2719 373 2764 tremunt
391 2726 424 2762 ac
442 2720 550 2780 pavent
635 2716 698 2771 tot.
745 2712 866 2784 -ipsum
885 2725 949 2766 esse
1246 2742 1249 2747 -
1285 2705 1328 2759 171.

92 2780 220 2837 Eandem
239 2781 346 2833 Christi
365 2780 396 2834 in
413 2784 527 2854 templis
544 2781 631 2836 babe·
738 2805 883 2860 Ecclesiae
908 2806 971 2873 vis,
1002 2823 1130 2862 censum
1156 2822 1207 2860 ,eu
1223 2817 1282 2855 auc,

126 2853 154 2906 ri
179 2871 294 2907 carnem
321 2861 404 2906 etex
432 2854 517 2907 altari
544 2852 630 2921 sumi,
773 2879 878 2934 toritas
896 2888 1008 2951 quanta
1209 2882 1269 2935 202,
1286 2873 1324 2928 221„

129 2942 203 2997 quae
223 2925 252 2978 in
271 2924 430 2979 Palaestina
449 2926 518 2979 olim
532 2941 631 2981 cerne·
675 2934 678 2939 “
841 2973 848 2987 .
1039 2975 1046 2988 .

128 2997 235 3064 batur,
267 3008 316 3052 aut
344 2997 375 3052 in
409 3015 466 3072 qua
502 2998 631 3053 ΟΜΝΗ,
739 2974 884 3029 Ecclesiae
918 2984 1097 3029 sententiam
1127 2973 1283 3046 apprehen·

128 3069 176 3123 hic
194 3070 351 3125 ambulavit
477 3080 539 3131 117.
559 3079 621 3135 129·
640 3079 703 3132 130.
776 3046 892 3112 dentes,
912 3047 1091 3119 scripturam
1110 3047 1209 3120 sequi·
1279 3044 1327 3102 att

94 3141 222 3198 Eandem
247 3161 309 3198 esse
334 3143 455 3198 hostiam
473 3144 571 3198 altaris
591 3145 633 3197 in·
741 3141 886 3198 Ecclesiae
905 3144 1001 3197 unitas
1021 3141 1285 3216 quantumbabeat

133 3226 282 3270 cruentam
301 3234 365 3268 cum
384 3234 432 3282 ea,
452 3234 525 3291 quae
545 3217 632 3272 semel
775 3216 914 3271 momenti
1289 3213 1328 3268 iil

134 3288 164 3341 in
184 3305 268 3342 cruce
288 3289 385 3341 oblata
403 3298 446 3343 est
643 3292 714 3354 198(
732 3289 886 3343 Ecclesiae
913 3296 943 3344 ct
967 3287 1184 3362 Apostolorum
1203 3286 1284 3341 colla-

96 3361 225 3415 Ecclesia
245 3360 295 3433 qui
315 3378 393 3414 suam
406 3361 536 3434 parvulis
548 3360 634 3416 fidem
776 3361 819 3414 tio
1289 3355 1330 3411 stt

134 3434 325 3488 communicet
413 3471 415 3474 -
658 3440 705 3501 lit.
741 3431 888 3488 Ecclesiae
912 3441 941 3486 et
965 3432 1051 3487 navis
1078 3444 1207 3489 venusta
1231 3431 1284 3505 pia·

97 3507 225 3561 Ecclesia
242 3505 319 3560 unde
337 3522 388 3558 seu
415 3505 555 3579 aquibus
574 3523 634 3562 cae·
778 3524 834 3579 que
854 3504 1034 3577 comparatio
1284 3503 1335 3560 378.

131 3581 252 3634 libatum
271 3577 366 3651 exigat
641 3583 704 3645 477.
743 3577 887 3632 Ecclesiae
904 3587 974 3631 nota
992 3577 1161 3633 certissima
1182 3594 1250 3666 (puae
1283 3577 1336 3637 427·

96 3650 224 3708 Ecclesia
242 3669 312 3705 num
333 3650 446 3723 aliquos
465 3647 501 3702 ad
513 3649 635 3704 caelibe·
744 3650 902 3713 Ecclesiae,
922 3668 982 3703 non
1001 3650 1276 3720 Gapharnaitracrc·

130 3737 190 3779 tum
216 3724 276 3778 sive
302 3721 508 3779 continentiam
525 3722 637 3777 violen-
779 3722 905 3778 dendum
923 3734 972 3777 aut
982 3723 1227 3780 consentiendum
1285 3716 1334 3774 116·

133 3809 179 3852 ter
194 3807 278 3870 cogat
561 3801 625 3860 477.
643 3799 708 3861 tta.
743 3796 799 3850 Edi
817 3813 834 3849 a
852 3795 938 3850 nobis
956 3813 1021 3867 enm
1041 3795 1092 3866 qui
1111 3801 1281 3856 sursumtci,

50 3915 53 3919 .
101 3867 246 3924 Ecclesiae
265 3869 365 3924 matris
383 3866 637 3939 auctoritasquan·
781 3878 810 3922 et
828 3867 864 3921 ab
883 3868 993 3940 angelis
1008 3865 1156 3923 adoratur
1292 3865 1341 3920 lii.

137 3940 161 3991 ti
180 3941 217 3991 sit
235 3941 372 3997 momenti
663 3941 709 4004 46.
748 3940 874 3995 Effectus
916 3951 966 3996 aut
999 3940 1112 3995 fructus
1160 3935 1293 4018 baptismi

107 4010 251 4067 Ecclesiae
270 4015 352 4072 Boni.
378 4025 407 4068 et
426 4011 590 4067 Catholicae
599 4009 641 4065 ,de
807 4012 851 4065 uis
1094 4073 1095 4076 Ἴ
1312 4011 1346 4072 bb

144 4081 307 4165 venerabili
326 4087 508 4145 sacramente
527 4083 597 4138 fides
611 4101 644 4138 ac
755 4029 917 4143 Eliectuum
934 4082 1071 4155 baptismi
1089 4093 1122 4140 ct
1139 4089 1291 4148 coufirmat·

146 4164 288 4214 senceum
654 4162 716 4215 its·
790 4157 878 4212 tionis
897 4155 1063 4213 differentia
1260 4166 1301 4225 95.
1316 4157 1349 4219 96·
