2790 4792
174 352 192 379 υ
277 279 417 362 130·¹
528 256 1111 351 nasaca'aunu-ro

110 524 180 566 „affl
201 519 231 562 aa
284 475 381 555 ipsam
399 492 519 534 carmem
541 471 634 532 nobis
658 470 906 557 manducandam
931 473 970 533 ad
991 473 1117 535 salutem
1138 471 1242 536 dedit:
1264 495 1354 540 nemo

110 573 249 614 manducan·
285 570 385 617 autem
408 559 490 619 illam
521 578 643 618 earnem
673 557 853 632 manducat,
880 558 938 617 nisi
965 561 1052 641 prius
1084 560 1270 622 adoraverit.
1314 564 1356 624 Et

111 621 378 728 iligiliiddlpaulo
411 654 500 724 post:
528 644 651 700 Durum
685 639 743 698 illis
774 643 870 699 visum
902 643 1082 723 est,··quod
1103 646 1165 705 ait:
1200 643 1268 705 Nisi
1286 649 1353 728 quis

111 723 275 814 3232?ng
285 727 512 788 manducaverit
539 746 658 785 carnem
687 745 800 797 meam,
832 745 894 784 non
916 724 1043 787 habebit
1071 729 1162 788 vitam
1184 741 1353 790 aeternam:

285 824 471 894 acceperunt
493 809 573 870 illud
604 809 716 882 stulte,
750 809 913 869 carnaliter
948 810 1026 871 illud
1040 813 1293 894 -oogitavernnt,
1324 828 1352 876 ct

259 908 493 978 putaverunt,
540 894 628 974 quod
659 896 856 975 praecisurus
886 906 987 956 esset.
1004 896 1155 959 Dominus
1187 899 1351 978 particulas

112 1010 274 1064 Calamam,
286 980 432 1062 quasdam
452 981 492 1039 de
510 998 641 1059 corpore
662 998 720 1039 suo
742 991 772 1039 ct
792 977 919 1039 daturus
944 979 1021 1055 illis,
1043 991 1072 1041 et
1093 981 1253 1044 dixerunta
1286 984 1353 1047 Du-

17 1058 19 1063 ’
111 1076 161 1120 ‘3¹¹³
182 1066 336 1124 ⁸⁰¹²²⁰¹¹·rus
359 1076 405 1124 est
424 1065 475 1122 hic
501 1083 612 1127 sermo.
654 1063 717 1143 Ipsi
743 1076 829 1123 crant
854 1063 948 1139 duri,
971 1086 1031 1123 non
1052 1087 1160 1125 sermo.

111 1117 150 1151 tia.

255 1214 258 1231 Ι
367 1163 396 1215 2.
440 1147 547 1208 IDEM
569 1149 600 1205 in
622 1146 732 1217 Psalmi.
754 1158 805 1214 53.
829 1150 969 1206 concion.
994 1161 1041 1226 1.‚
1063 1153 1189 1224 mystice
1208 1148 1248 1211 dc
1265 1149 1349 1209 Chri-

284 1249 333 1298 sto
361 1252 514 1315 exponens
545 1230 759 1312 illud‚-quod
791 1232 816 1291 I.-
833 1231 911 1314 Reg.
935 1232 1020 1293 XXI.
1055 1237 1204 1315 scriptum
1238 1235 1349 1301 est2de

286 1317 401 1380 Davi'd:
424 1317 597 1377 Immutavit
623 1335 658 1375 os
682 1325 772 1375 situm
792 1336 897 1374 coram
923 1317 990 1392 eis,
1012 1329 1042 1376 ot
1066 1317 1349 1387 collabebaturiu·

283 1417 331 1464 ter
356 1423 461 1462 manus
482 1421 589 1459 eorum
609 1411 688 1474 etc,
709 1421 767 1482 pro
790 1421 852 1481 quo
877 1402 941 1482 ipse
964 1400 1055 1483 legit:
1091 1403 1133 1461 Et
1149 1402 1346 1481 feijehaturin

177 1536 180 1541 .
207 1530 209 1535 -
236 1526 239 1533 ·
282 1487 421 1548 manibus
456 1487 527 1545 suis.
578 1482 630 1543 Ait
663 1485 758 1566 igitur
775 1485 993 1566 Augustinus:
1022 1486 1087 1544 Hoc
1107 1508 1201 1559 vero,
1234 1489 1347 1562 fratres,

282 1572 439 1654 quomodo
473 1579 579 1650 posset
614 1567 742 1629 fieri-in
761 1568 916 1644 ¹homine,
951 1571 1032 1650 quis.
1055 1570 1231 1653 intelligat?
1276 1573 1346 1647 Quis

281 1660 530 1737 enim·portatur
562 1658 595 1712 in
626 1652 766 1713 manibus
792 1653 881 1713 suisl
930 1652 1073 1722 Manibus
1098 1655 1231 1715 aliorum
1250 1665 1347 1738 potest

122 1779 229 1821 cmm,
247 1776 271 1816 1„
281 1743 402 1823 portari
425 1738 541 1811 homo,
564 1736 705 1797 manibus
727 1738 790 1796 suis
811 1759 902 1798 nemo
923 1749 1076 1818 portatur.
1121 1741 1291 1815 Quomodo
1303 1743 1347 1799 in-

91 1817 96 1823 ’
108 1830 195 1916 mae
198 1838 272 1926 iffi
281 1824 439 1905 telligatur
460 1823 491 1879 in
512 1823 579 1902 ipso
601 1819 702 1881 David
724 1821 892 1881 secundum
917 1821 1055 1898 literam,
1077 1844 1141 1884 oon
1165 1826 1346 1885 inv'enimust

108 1925 216 1966 miniani
285 1910 318 1965 in
335 1904 510 1965 CHRISTO
538 1915 639 1964 autem
655 1905 834 1967 invenimus.
876 1905 1137 1971 Ferebaturcnim
1156 1906 1347 1969 CHRISTUS

109 1974 166 2016 '¹¹⁵¹‘
282 1993 316 2059 ju
338 1989 479 2048 manibus
498 1988 580 2061 suis,
603 1988 729 2069 quando
750 1989 961 2049 commendans
988 1993 1088 2071 ipsum
1114 2013 1227 2074 eorpus
1253 2014 1345 2067 suum,
1385 1994 1389 2047 ¹.

284 2077 343 2133 ait:
375 2075 443 2132 Hoc
471 2083 516 2131 est
536 2092 647 2155 eorpus
677 2093 786 2133 meum.
826 2072 960 2134 Ferebat
983 2078 1063 2134 enim
1081 2076 1159 2137 illud
1185 2078 1299 2161 corpus
1315 2098 1343 2141 tu
1387 2124 1389 2129 -

282 2158 423 2236 manibus
445 2158 513 2215 suis.
1256 2200 1292 2231 .,.

320 2274 323 2282 ·
364 2243 420 2302 ΕΤ
441 2242 582 2304 concion.
604 2249 651 2304 2-z'
675 2237 842 2316 Quomodo
865 2240 1023 2303 ferebatur
1049 2244 1079 2302 in
1105 2243 1251 2305 manibus
1270 2240 1344 2305 saisl

222 2346 233 2353 ··
280 2328 479 2404 Quiascum
509 2324 747 2386 commendauit.
764 2326 862 2408 ipsum
878 2348 991 2408 corpus
1008 2349 1096 2387 suum
1126 2341 1157 2387 et
1179 2333 1347 2412 sanguinem

232 2447 234 2451 ·
279 2434 386 2488 aarum,
409 2412 529 2492 accepit
545 2412 576 2468 in
595 2423 794 2469 ananus-suas
806 2454 815 2488 ,
837 2412 923 2491 quod
948 2426 1064 2473 norunt
1087 2410 1214 2490 fideles,
1237 2416 1347 2496 etipse

279 2518 312 2556 se
339 2495 502 2580 ”pqmabat
540 2493 789 2576 quodammodo,
832 2516 902 2554 cum
931 2495 1062 2555 diceret:
1104 2498 1171 2556 Hoc
1202 2511 1250 2560 est
1281 2518 1346 2559 cor·

281 2601 339 2663 pus
362 2602 473 2639 manin.
672 2604 675 2609 ·
1111 2618 1118 2624 -
1223 2599 1226 2603 ’

253 2658 256 2665 ’
329 2664 335 2682 “
360 2663 554 2724 PROSPER
573 2661 738 2747 Rhegiens.
753 2663 865 2747 Epire.
887 2665 918 2724 in
935 2671 1013 2745 part.
1036 2678 1064 2730 2.
1088 2686 1113 2725 c.
1137 2678 1201 2742 25„
1224 2666 1265 2727 de
1275 2687 1346 2751 pro·

118 2771 226 2816 ontavn
243 2781 268 2812 n
278 2747 474 2813 missionibus
492 2758 522 2805 et
535 2748 818 2829 praedictionibus:
840 2749 984 2809 Portatus
1005 2762 1050 2808 est
1069 2751 1182 2830 quippe
1201 2764 1233 2812 et
1262 2754 1345 2813 tesia

104 2825 211 2913 puppas.
278 2835 428 2893 Dominus
443 2831 639 2890 inmanibus
660 2835 739 2905 suis,
762 2832 835 2892 dum
863 2855 948 2892 suum
969 2853 1082 2913 corpus
1106 2836 1138 2892 in
1161 2835 1345 2895 sanctificato

55 2930 60 2937 ·
107 2928 127 2968 1·
139 2923 244 2964 cor-11,
278 2938 357 3000 panc
384 2928 502 2998 gestans
534 2915 773 2993 manibus'suis,
808 2916 896 2975 dixit:
926 2917 995 2976 Hoc
1018 2929 1063 2976 est
1089 2939 1201 2999 corpus
1235 2942 1342 2996 meum,

102 2976 145 3021 Μ’
279 2999 365 3082 quod
394 3021 452 3082 pro
481 3001 570 3058 vobis
590 2999 739 3067 tradetur.
781 3000 828 3060 De
851 2999 964 3081 quibus
978 3004 1145 3078 mysteriis,
1179 3006 1235 3083 qui
1257 3008 1342 3065 etiam

102 3123 128 3168 2·
141 3110 265 3172 mmm,
278 3085 354 3145 illud
374 3106 464 3144 nosse
488 3083 665 3158 desiderat,
694 3085 854 3164 quomodo
884 3087 922 3144 sit
946 3086 1046 3144 David
1066 3087 1178 3146 saltans
1203 3101 1275 3150 ante
1297 3111 1344 3151 ar·

277 3192 341 3230 cain
375 3170 508 3229 nudatus
540 3188 643 3228 coram
671 3169 764 3227 servis
794 3181 824 3228 et
841 3168 957 3228 ancillis
984 3172 1063 3246 suis,
1084 3184 1117 3230 ut
1136 3166 1343 3245 eflulstutt

111 3292 115 3303 ·
210 3302 213 3309 .
276 3248 455 3315 crucifixum
478 3252 690 3335 praesentibus
709 3253 782 3312 viris
809 3265 840 3312 et
858 3252 999 3313 foeminis
1019 3255 1263 3335 demonstraret,
1294 3248 1344 3316 io·

275 3340 426 3399 nerandae
444 3345 610 3398 memoriae
633 3336 797 3419 Augustini
817 3340 955 3421 episcopi
977 3339 1058 3399 dicta
1081 3341 1245 3420 inspiciat,
1274 3341 1342 3423 qui·-

117 3440 122 3453 '
176 3442 196 3463 ‘v
276 3422 334 3484 bus
348 3424 438 3483 latius
457 3426 486 3482 in
505 3422 552 3481 his
575 3434 755 3504 pervagatus
772 3443 857 3504 pene
881 3425 982 3482 omnia
1002 3423 1245 3505 comprehendit.

362 3505 688 3567 CHRYSOSTOMUS
718 3505 800 3566 hom.
827 3521 855 3572 2.
886 3510 916 3567 in
928 3509 967 3567 11.
990 3507 1141 3567 Timolus
1165 3509 1261 3571 Sacra
1285 3513 1344 3594 ipsa

100 3567 266 3662 {Simili
277 3591 415 3667 oblatio,
445 3595 508 3650 sire
528 3590 610 3649 illam
630 3591 762 3666 Petrus,
792 3593 855 3652 sive
877 3592 957 3651 illam
973 3591 1104 3667 Paulus,
1126 3594 1188 3653 sive
1210 3596 1341 3677 cujusvis

100 3680 265 3757 ffi;is{¹l¹l²,³¹¹}st,
278 3677 377 3735 meriti
398 3675 541 3734 sacerdos
570 3673 694 3750 offerat,
715 3675 820 3735 eadem
842 3689 902 3753 est,
926 3697 1016 3757 quam
1042 3676 1128 3737 dedit
1145 3677 1340 3739 CHRISTUS

100 3763 285 3853 supponatis}
310 3780 341 3819 se
361 3759 518 3841 discipulis
538 3761 617 3833 suis,
652 3764 803 3841 quamque
822 3760 994 3820 sacerdotes
1015 3763 1107 3820 modo
1123 3784 1251 3844 quoque
1267 3784 1340 3825 cou-

100 3829 124 3855 m
170 3828 216 3855 ’ω
275 3782 394 3903 llciunt.
445 3842 529 3903 Nihil
569 3842 665 3904 habet
689 3847 768 3922 ista,
805 3866 896 3926 quam
925 3844 992 3921 illa,
1026 3849 1133 3909 minua.
1189 3849 1256 3908 Cur
1288 3843 1340 3911 id}

260 3929 357 4003 >Quia
382 3949 446 3988 non
471 3928 550 3987 hanc
571 3926 761 3989 sanctificant
785 3929 941 4005 homines,
971 3930 1026 3989 sed
1048 3928 1265 4008 CHRISTUS,
1288 3929 1339 4011 qui

97 4012 358 4122 „3³⁸gffm0'⁰¹'m³m
397 4025 464 4072 ante
495 4027 673 4073 sacraverat.
717 4013 983 4090 Quemadmodum
1008 4016 1089 4084 enim
1116 4014 1230 4092 verba,
1263 4032 1339 4096 quae

115 4096 135 4122 18
180 4095 260 4122 cnse·

97 4131 180 4176 erario,
196 4133 245 4222 3¹⁶·
273 4095 397 4155 locutus
417 4107 462 4156 est
491 4097 702 4172 CHRISTUS,
725 4099 829 4158 eadem
849 4107 938 4172 sunt,
963 4120 1041 4179 quaa
1064 4099 1239 4161 sacerdotes
1260 4116 1339 4159 nuuc
1387 4182 1389 4189 Ι

73 4183 186 4272 {3:³¹
215 4181 400 4263 l¹¹i·quoque
416 4184 631 4266 pronuntiant:
660 4184 703 4243 ita
724 4194 756 4245 et
768 4180 892 4243 oblano
914 4182 1019 4245 eadem
1040 4192 1092 4266 cst.
1122 4221 1124 4225 ν

100 3876 180 3904 coena·
