2782 4786
247 338 327 409 420
497 329 576 389 DE
617 316 888 386 salci-ttntt
910 312 1083 380 tutto

248 523 316 602 ipse
336 514 522 576 alacritatem
540 510 704 572 voluntatis
718 497 932 584 detenderet,
956 503 1049 566 fidem
1082 516 1171 586 quae
1191 499 1335 585 splenieei-

249 623 315 664 mae
335 594 505 661 devotionis
533 595 710 657 obtuleram
735 584 870 673 metue
891 594 984 677 igitur
1011 589 1131 649 Christi
1161 604 1284 671 corpus,
1303 603 1332 652 at

251 686 331 747 illud
344 696 405 744 est:
428 683 479 763 qui
493 693 593 740 autem
607 674 669 741 hac
683 674 974 757 illdminuealiquid
995 672 1113 733 habere
1127 684 1242 754 putat,
1255 676 1325 757 iguo-

252 784 301 831 rat
320 765 528 829 CHRISTUM
552 784 625 841 esse,
650 765 817 845 qur-'uuae
831 763 930 820 *etiam
957 760 1044 839 adest
1058 768 1162 839 atque
1185 772 1323 840 operatur.

75 879 215 926 caueam.
336 869 365 920 2.
409 851 516 910 IDEM
538 844 888 924 chrysostomus'lmm:
916 856 967 911 65.
999 845 1029 901 itt
1053 842 1237 901 Genesim:
1277 843 1330 904 lloe

253 936 553 1016 mandatumposuit
574 933 733 1016 Aegyptiis
747 928 884 1014 ³los'eph,
904 941 940 988 ut
962 929 1003 987 ita
1030 925 1201 986 tributum·
1228 929 1335 1009 pende·

75 1028 222 1114 ¹³⁰¹⁰¹³²¹ss⁰
254 1036 322 1083 rent
343 1020 507 1095 Pharaoni,
530 1030 654 1100 excepta
671 1014 955 1081 solaSacerdotnm
978 1022 1069 1071 terra
1117 1010 1275 1089 Audierit,
1289 1013 1333 1094 qui

75 1086 242 1166 llillllnleth
254 1129 335 1168 nunc
356 1109 472 1177 vivunt,
493 1113 635 1184 quiantam
648 1095 1128 1161 olim-*sacerdotumldolorum
1149 1116 1265 1179 ¹curam
1284 1096 1334 1157 ha·

76 1174 242 1267 iiiiii&
253 1193 389 1267 buerint,
408 1202 438 1249 et
458 1189 596 1263 discant,
617 1198 655 1247 nt
673 1185 722 1245 vel
740 1182 854 1267 ‘saltem
868 1172 987 1265 'parem
1017 1176 1156 1239 hab'eant
1187 1180 1333 1242 honorem

76 1293 110 1335 tu.
129 1295 242 1342 tuumne.
255 1277 314 1351 hus,
338 1273 451 1356 quibus
473 1273 513 1349 †)
529 1274 664 1330 omnium
685 1271 747 1332 Dei
765 1268 963 1327 ministerium
986 1264 1171 1339 crethtu'm,
1184 1278 1218 1325 et
1238 1287 1332 1329 sacer·

255 1362 341 1422 dotio
364 1353 497 1440 insigniti
520 1368 600 1416 enat.
633 1355 680 1414 tsi·
698 1355 782 1413 enim·
799 1346 935 1412 e'rrantes
957 1349 1020 1425 illi,¹
1035 1360 1065 1407 et
1085 1360 1210 1408 tantam
1235 1351 1333 1411 idolo·

254 1467 323 1507 rum
345 1464 445 1502 curam
472 1440 638 1517 habentes,¹
652 1441 726 1523 qnia
742 1450 784 1497 er
795 1434 1023 1517 hocputabant
1040 1432 1124 1494 idola
1140 1437 1240 1517 magis
1263 1436 1330 1513 coli,

255 1535 280 1590 si
303 1535 346 1589 ita
368 1541 475 1587 eorum
496 1527 650 1584 ministros
672 1523 821 1583 colerentt
845 1533 959 1601 quanta
972 1538 1054 1576 nunc
1074 1519 1332 1580 condemnatione

255 1615 350 1697 digni,
374 1615 426 1693 qui
440 1632 521 1670 nunc
542 1612 738 1683 imminuunt,
754 1598 847 1687 ¹ilu'od
859 1604 898 1663 ad
911 1603 1038 1662 illorum
1056 1616 1179 1686 spectat
1196 1604 1332 1664 cultum?

253 1699 303 1760 An
326 1697 466 1770 nescitis,
501 1692 588 1776 qnod
615 1691 789 1753 honored
811 1688 930 1753 DEUM
954 1689 1054 1769 ipsum
1086 1688 1248 1769 pertinet?
1289 1689 1332 1750 Ne

254 1786 349 1865 igitur
363 1783 504 1862 respicias
524 1770 603 1853 eum,
626 1780 677 1847 nui
698 1775 804 1836 honor·
820 1773 991 1834 confertur.
1035 1771 1106 1830 Nou
1129 1775 1210 1832 enim
1231 1794 1331 1858 prop-

254 1880 303 1925 ter
325 1865 410 1924 illum
437 1862 645 1943 debes,·quod
665 1853 754 1919 tuum
776 1859 968 1939 estslacere,
998 1855 1053 1916 sed
1074 1869 1209 1938 propter
1236 1859 1332 1935 illum,

256 1951 350 2027 cujus
372 1946 524 2004 sacerdos'
537 1959 591 2020 est,
612 1956 647 2004 ut
668 1956 698 2004 et
721 1944 760 2003 ab
781 1938 839 2001 illo
859 1941 1081 2002 retributiones
1111 1941 1251 2001 ubertim
1275 1963 1330 2004 ao-

255 2032 360 2110 cipias.
403 2029 445 2087 Et
465 2029 559 2110 paulo
581 2040 666 2110 post:
709 2028 755 2088 Ne
775 2029 870 2107 igitur
890 2028 983 2086 simus
1013 2026 1175 2085 deteriores
1208 2023 1327 2085 infide·

253 2112 356 2190 libus,
378 2115 432 2193 qui
452 2124 584 2195 propter
605 2110 758 2171 idolorum
780 2130 915 2169 eruorem
941 2111 1038 2170 adhuc
1062 2118 1175 2167 tantum
1197 2107 1316 2168 cultum

255 2196 399 2259 exhibent
414 2194 539 2257 illorum
561 2187 698 2257 famulis}
720 2186 778 2254 s'etl
797 2206 945 2276 qnantum
969 2197 1053 2254 distat
1073 2192 1158 2250 error
1177 2201 1206 2248 et
1226 2192 1312 2250 reri-

253 2295 317 2358 tas,
339 2295 458 2342 tantum
479 2283 591 2349 distant
612 2291 642 2339 et
662 2279 852 2356 illorum,··et
871 2280 930 2338 Dei
952 2277 1131 2339 sacerdotes.
1170 2275 1247 2335 Tam
1262 2296 1315 2334 ex·

254 2367 410 2427 cellentem
432 2366 527 2450 igitur
556 2377 586 2426 et
606 2365 755 2425 hbnorem
776 2362 951 2448 impendere
972 2363 1136 2438 debemus,
1161 2371 1197 2420 ut
1223 2359 1322 2420 multo

254 2452 357 2534 plures
379 2473 394 2510 e
416 2457 556 2533 supernis
577 2449 669 2509 nobis
687 2448 916 2510 retributiones
938 2457 1120 2508 accrescant.

81 2544 128 2585 ⁰¹¹¹
144 2542 232 2584 numen
341 2548 370 2601 5.
417 2535 624 2595 ORIGENES
645 2532 728 2595 hom.
760 2535 837 2600 tin
865 2532 1073 2591 Ezechielem:
1116 2529 1186 2590 Plus
1203 2527 1249 2603 hi,
1271 2529 1352 2615 qni=

82 2599 247 2727 ,ἳῖἶῗῑῖζξζῖ
259 2631 330 2678 sunt
351 2621 381 2676 in
395 2620 507 2693 medio,
531 2630 750 2702 oppugnantur
769 2617 809 2678 ab
820 2619 956 2692 inimico,
979 2628 1014 2675 ut
1035 2636 1093 2699 peu·
1106 2617 1222 2675 ruinam
1234 2616 1325 2673 unius

82 2691 401 2789 J{{¹‡fl{,;,‚¹2'„hominis,
425 2722 501 2783 quae
524 2702 615 2760 celari
637 2722 696 2760 non
718 2714 830 2784 potest,
853 2702 995 2762 omnibus
1018 2700 1198 2759 scandalum
1218 2697 1273 2758 fiat
1298 2709 1328 2758 et

82 2785 444 2875 fffi‘gggfffimpediatur
467 2783 542 2843 fides
569 2805 625 2867 per
656 2788 911 2847 conversationem
943 2787 1105 2868 pessimam
1138 2784 1326 2845 clericorum.

230 2865 236 2877 ’
260 2871 379 2945 Omnia,
401 2882 436 2928 ut
453 2869 590 2943 diximus,
613 2869 760 2931 Diabolus
781 2882 942 2954 operatur,
964 2881 995 2928 et
1016 2891 1061 2943 ea,
1083 2884 1167 2950 quae
1186 2867 1327 2927 videntur

257 2976 321 3015 esse
337 2953 441 3029 bona,
466 2973 521 3012 nec
542 2965 630 3026 sunt,
656 2964 687 3013 et
704 2975 749 3031 ea,
774 2975 853 3039 quae
878 2975 934 3036 per
966 2966 1107 3012 naturam
1136 2973 1222 3012 snam
1257 2951 1328 3012 mala

256 3051 336 3113 sunt,
359 3041 459 3098 omnia
470 3036 629 3097 adversum
649 3038 809 3098 humanam
823 3051 1044 3099 commentatur
1059 3041 1203 3097 animam.
1248 3036 1330 3096 Unde

257 3127 309 3205 qui
332 3145 434 3182 curam
456 3122 550 3181 habet
571 3124 650 3181 ritae
671 3144 752 3199 suae,
774 3144 873 3204 neque
894 3122 1129 3182 mansuetudine
1151 3121 1327 3182 haeretico·

256 3228 324 3266 rum
346 3210 474 3288 capitur,
496 3206 533 3266 ad
555 3209 802 3267 consentiendum
819 3209 976 3267 doctrinae
997 3227 1113 3281 eorum,
1136 3227 1244 3288 neque
1262 3206 1329 3264 meis

256 3291 386 3366 delictis,
411 3294 464 3371 qui
486 3290 595 3350 videor·
618 3293 649 3349 in
671 3291 806 3351 Ecclesia
831 3292 1027 3374 praedicare,
1052 3289 1326 3351 scandalizabitur:

255 3374 309 3434 sed
331 3376 430 3456 ipsum
442 3373 553 3456 dogma
572 3375 777 3450 considerans,
803 3388 831 3434 et
851 3387 1038 3458 pertractans
1051 3374 1216 3435 Ecclesiae
1230 3374 1322 3448 fidem,

254 3479 272 3519 a
295 3479 341 3517 me
372 3459 496 3538 quidem
518 3459 728 3535 aversabitur,
751 3460 920 3520 doctrinam
943 3480 1015 3518 uero
1038 3453 1193 3541 suscipiet
1221 3479 1323 3521 secun·

255 3543 328 3602 dum
350 3553 545 3625 praeceptum
566 3541 703 3618 Domini,
724 3545 859 3626 qui-aut:
903 3545 1004 3627 Super
1020 3542 1213 3604 Cathedram
1237 3541 1324 3618 Moysi

81 3643 244 3693 maternae.
256 3627 401 3686 sederunt
414 3625 538 3684 Scribae
559 3637 590 3685 et
602 3625 763 3708 pharisaei.
806 3628 927 3704 Omnia,
950 3646 1154 3708 quaecunque
1169 3628 1264 3689 vobis
1283 3627 1324 3688 di·

256 3721 344 3785 cunt,
368 3708 471 3769 audite
492 3718 522 3769 et
542 3705 648 3785 facite,
669 3712 755 3791 juxta
777 3733 871 3795 opera
887 3726 985 3771 autem
1007 3710 1133 3769 illorum
1159 3713 1266 3774 nolite
1283 3711 1320 3770 h·

255 3815 337 3856 cere:
360 3794 468 3853 dicunt
489 3795 603 3877 quippe
625 3804 655 3853 et
676 3814 739 3855 non
760 3796 888 3861 faciunt.
929 3794 991 3854 Iste
1012 3812 1111 3853 sermo
1135 3794 1179 3856 da
1209 3819 1260 3858 me
1275 3803 1316 3867 etl,

211 3890 214 3898 '
254 3883 307 3961 qui
329 3879 411 3939 bona
434 3877 550 3954 doceo,
583 3889 614 3937 et
645 3885 797 3939 contraria
820 3900 909 3962 gero,
941 3891 971 3937 et
1002 3899 1068 3937 sum
1094 3881 1211 3941 sedens
1243 3896 1321 3964 super

78 3965 227 4054 {altrum
255 3963 437 4022 Cathedram
458 3963 572 4038 Moeysi
593 3964 679 4044 quasi
700 3963 802 4023 scriba
836 3977 867 4024 et
890 3963 1078 4046 pharisaeus.
1121 3962 1325 4047 Praeceptum

75 4023 242 4124 ul'e‘ii'iflolu'
253 4043 310 4102 tibi
332 4058 391 4120 est,
412 4067 431 4105 o
453 4046 583 4128 popule,
605 4046 630 4105 si
654 4067 717 4106 non
738 4047 883 4108 habueris
911 4048 1135 4107 accusationem
1166 4049 1326 4110 doctrinae

72 4113 191 4207 ζῗζξῗζῖᾎ
251 4128 412 4209 pessimae,
443 4140 474 4187 et
496 4130 663 4190 alienorum
684 4129 724 4189 ab
745 4130 870 4192 ecclesia
898 4131 1095 4211 dogmatum,
1127 4151 1208 4192 cons
1235 4133 1325 4193 exeris

62 4208 217 4254 '⁰'¹¹¹·¹²⁸⁰l
249 4230 322 4272 uero
341 4230 436 4271 meam
460 4213 643 4296 culpabilem
663 4217 773 4295 vitam,
793 4225 885 4294 atque
904 4226 1041 4296 peccata,
1061 4225 1096 4273 ut
1126 4236 1193 4276 non
1210 4156 1327 4282 habeat

68 4260 151 4302 eareat.
