2790 4792
235 260 327 367 140‘
489 264 1094 351 reseratu-ruro.

233 451 307 537 ml,
317 449 492 533 communia
504 462 595 533 sunt,¹
608 449 748 533 nihilque
769 448 806 511 tit
818 451 941 510 omnino
956 490 974 527 ,.
990 453 1048 523 nisi
1066 461 1188 511 creante
1205 451 1299 528 Filio,

196 580 200 595 .
238 524 429 616 beneplacito
445 530 569 610 Patris,
592 528 663 593 =et'S
688 537 776 619 iritus
800 535 904 595 sancti.
920 535 1082 601 voluntate.
1110 534 1182 610 ,Est
1199 549 1298 618 autem

239 612 366 689 adhaec
387 612 593 697 necessarius,¹
607 630 637 697 et
655 556 799 688 idoneus,
825 631 856 679 et
868 618 1021 685 sufficiens
1033 619 1181 678 minister.
1225 616 1299 678 sur·-

238 698 343 767 ficiens
370 700 483 771 autem
501 713 563 777 est,
596 704 651 790 qui
675 696 853 785 potestatem
879 724 935 785 per
963 705 1222 775 consecrationem
1243 703 1299 762 ha-

238 778 345 861 b'u'it,¹
360 797 390 844 et
403 785 549 847 ¹sacerdos
562 782 678 867 sactus
692 798 744 845 est.
767 786 771 801 '
786 786 853 849 Nec
872 788 952 847 enim
973 809 990 847 a
1011 807 1197 867 quocunque
1223 807 1297 869 pro-

238 869 300 939 lata
321 866 469 951 ejusmodi
487 854 720 951 verlin'‚'leflice1·e
743 882 888 952 possunt,
907 871 1015 952 ¹‚quod
1034 872 1212 950 quaeritur:
1239 873 1299 928 im-

108 1005 111 1013 .
148 1008 158 1017 ..
184 1010 188 1021 ‚
240 956 292 1015 mo
315 946 387 1012 vero
412 953 490 1012 nihil
519 946 644 1041 omnino
665 967 808 1041 possunt,
843 956 934 1017 nisia
960 955 1116 1015 sacerdote
1136 955 1297 1035 proferan-

241 1049 302 1098 tur.
334 1036 495 1118 'Ejusrei
515 1036 606 1097 'ratio
643 1036 709 1115 est,
739 1039 825 1119 quod
863 1041 904 1099 ita
922 1041 988 1099 Deo
1007 1038 1152 1120 placitum
1170 1050 1232 1113 est,
1258 1040 1297 1097 ita

235 1120 404 1199 prdinavit,
424 1120 502 1181 hanc
518 1113 588 1181 tulit¹
596 1112 705 1204 legem.
747 1116 976 1205 Ti·ansgr·ess01·i
994 1124 1087 1205 igitur
1107 1121 1183 1204 legis
1204 1134 1297 1181 etro·

231 1204 366 1295 lanitii?
383 1204 478 1295 ¹ejus,
510 1206 635 1290 dignum
656 1220 795 1291 paratum
820 1219 864 1266 est
880 1211 1039 1283 meritum,
1055 1229 1092 1266 ne
1112 1206 1190 1286 quid
1203 1207 1297 1266 l'accre

239 1292 346 1375 possit.
376 1289 523 1373 ..Oportet
549 1293 626 1349 enim
649 1292 838 1351 sacerdotem
857 1311 927 1349 cum
944 1290 1048 1351 debita
1068 1292 1238 1355 intentione
1262 1290 1296 1350 ad

242 1396 276 1435 ea
286 1375 298 1451 ,'
318 1375 398 1455 quae
418 1374 567 1434 Dominus
577 1370 753 1448 mandarit,
774 1375 926 1434 accedere.
969 1374 1126 1455 Siquidem
1148 1377 1297 1434 mandarit

233 1456 348 1532 ¹nobis,
379 1469 414 1529 ut
441 1462 473 1516 in
508 1459 574 1539 ejus
592 1467 920 1519 >commemorationem
952 1457 1027 1518 haec
1052 1480 1231 1540 ageremus,
1268 1471 1299 1517 ut

241 1548 372 1615 sciamus
398 1563 510 1623 corpus
537 1539 604 1623 ejus
634 1536 664 1604 et
682 1547 856 1626 sanguinem
875 1543 1157 1618 (instrumentaliter.
1174 1545 1233 1624 ipsi
1255 1543 1299 1600 fa-

242 1626 374 1702 cientes,
406 1646 475 1684 cum
498 1625 574 1686 haec
600 1633 773 1710 operamur)
800 1639 928 1686 mortem
949 1629 1015 1706 ejus
1036 1629 1227 1685 annuntiare.
1268 1626 1297 1683 Si

242 1706 427 1795 quiss'e'ni'm
454 1709 501 1769 ¹vel
534 1709 628 1772 verba
659 1712 801 1786 Domini,
827 1710 876 1769 vel
898 1711 954 1771 alia
980 1710 1155 1791 quaelibet,
1191 1710 1299 1792 quibus

233 1795 389 1875 ‘existimet
404 1792 583 1874 hujusmodi
602 1792 829 1875 Sacramentum
854 1793 980 1869 confici,
1014 1799 1212 1875 pronuntiet,
1240 1815 1298 1863 nou

242 1878 283 1939 ad
310 1901 366 1956 ea,
394 1899 474 1959 quac
504 1877 585 1938 dieta
614 1872 695 1954 sunt,
721 1879 899 1955 intendens,
923 1899 1016 1959 seque
1039 1879 1070 1938 id
1091 1899 1200 1960 agere,
1217 1877 1297 1959 quod
1327 1898 1331 1909 ·

241 1960 420 2043 ilte'jttsstt,
440 1960 628 2040 arbitretur,
652 1962 866 2025 nihilomnino
887 1965 969 2044 agit:
992 1961 1044 2022 sed
1064 1983 1118 2021 suo
1135 1963 1294 2022 frustratus

241 2046 413 2122 desiderio,
444 2038 593 2108 fallitur.¹
623 2042 781 2106 Materiam
807 2054 960 2129 praeterea
985 2046 1113 2106 adhaec
1138 2060 1238 2128 aptam
1266 2057 1294 2104 ct

241 2133 470 2191 convenientem
491 2151 553 2190 esse
573 2149 694 2191 neeesse
715 2145 775 2193 cst:
797 2143 921 2214 oportet
944 2132 1023 2197 enim
1048 2151 1157 2212 panem
1179 2151 1215 2190 ex
1234 2129 1297 2190 sru-

240 2227 364 2295 mento,
387 2216 490 2273 vinum
505 2236 539 2274 ex
558 2216 618 2274 vite
640 2212 717 2274 fieri.
762 2215 855 2290 Quod
878 2217 903 2274 si
928 2214 1015 2274 aliter
1035 2214 1188 2290 sacerdos,
1214 2220 1298 2275 etiam

241 2322 311 2378 num
332 2292 646 2375 debita—attentione,
668 2299 715 2359 rel
749 2302 814 2383 ipsa
831 2298 926 2358 rerba
945 2300 1085 2373 Domini,
1103 2311 1134 2358 et
1148 2299 1207 2359 alia
1219 2319 1299 2380 quae-

240 2405 363 2465 cuuque
382 2376 582 2468 pronuntiet,
622 2405 714 2443 vanus
739 2399 783 2444 est
812 2386 909 2444 omnis
933 2382 1035 2442 labor:
1066 2404 1121 2441 nee
1143 2385 1224 2442 enim
1244 2403 1300 2441 un·

240 2490 332 2549 quam
363 2489 397 2526 ex
425 2466 544 2529 hordeo
576 2467 716 2544 miliore,
747 2483 800 2528 aut
827 2469 886 2528 alio
912 2469 1057 2527 seminum
1084 2488 1195 2549 genere
1217 2469 1298 2550 panis

242 2552 361 2627 factus,
382 2572 482 2631 neque
510 2553 605 2611 sicera
627 2564 680 2611 aut
701 2552 747 2612 lac
765 2565 817 2612 aut
834 2551 910 2626 mel,
941 2553 972 2610 in
995 2572 1107 2633 corpus
1130 2564 1161 2610 et
1180 2551 1301 2634 sangui·

240 2655 310 2695 nem
341 2634 464 2693 Domini
499 2647 758 2696 transmutaretur.
815 2637 883 2696 Hoc
907 2656 1035 2695 canones
1072 2634 1298 2716 Apostolorum,

240 2716 302 2778 lroc
335 2720 518 2800 posteriores
557 2719 708 2780 Doctores
743 2720 897 2780 affirmant.
951 2720 1051 2794 Quam
1071 2719 1112 2791 ob
1135 2741 1199 2778 rem
1220 2718 1301 2779 hoel

243 2802 397 2881 Quoniam
418 2802 466 2862 ille
486 2803 589 2884 opifex
612 2826 713 2863 rerum
737 2807 777 2863 ita
796 2804 910 2879 voluit,
930 2804 970 2867 ita
994 2805 1173 2863 constituit:
1202 2815 1300 2864 trans-

243 2887 331 2971 gredi
345 2892 461 2962 autem,
485 2899 516 2946 et
532 2889 628 2947 vitare
643 2889 810 2969 quidquam
826 2909 949 2964 eorum,
970 2909 1046 2968 quae
1065 2887 1115 2946 ille
1139 2888 1299 2961 ordinavit,

70 2970 324 3044 {admouendus
348 2983 401 3031 est.
453 2972 540 3051 Haec
564 2994 636 3059 ergo
660 2972 698 3031 ad
730 2974 808 3032 sacri
843 2974 978 3046 mysterii
1013 2974 1299 3032 consummationem

69 3052 92 3095 ⁵·
120 3049 170 3088 ΝΜ
191 3046 216 3084 ⁶²
242 3048 407 3117 necessaria
436 3076 563 3138 prorsus
596 3067 684 3131 sunt,
708 3069 737 3115 et
754 3058 817 3115 sine
851 3054 963 3136 quibus
980 3055 1059 3116 nihil
1086 3049 1213 3115 omnino
1236 3053 1298 3115 fieri

67 3095 352 3224 iir‘pi'imiiii.p0test‚
395 3141 474 3202 Vide
496 3139 551 3198 alia
576 3139 671 3199 multa
697 3142 849 3222 copiosius
867 3139 992 3200 ibidem.

68 3200 229 3302 idaniiiiii·
327 3237 377 3293 10.
419 3223 657 3283 GREGORIUS
688 3223 839 3299 Nyssenus
879 3227 910 3283 in
938 3224 1085 3306 oratione
1117 3212 1300 3284 catechetic'a

67 3293 279 3385 ssffiutsshmnde
323 3309 574 3368 transmutatione
599 3306 750 3369 Domitiiei
781 3304 986 3392 corporis'et
1021 3309 1190 3390 sanguinis,
1227 3317 1298 3368 teste

240 3391 409 3472 Euthymio
432 3393 463 3449 in
482 3390 716 3473 Panoplia‚'tit.
739 3407 812 3459 nte
841 3384 1015 3475 inopertis,
1047 3393 1140 3475 ut'ait
1166 3395 1297 3480 Aposto-

239 3474 308 3551 lus,
330 3497 385 3557 per
408 3472 535 3555 verbum
551 3475 625 3533 DEI
648 3489 678 3534 et
698 3482 866 3538 orationem
881 3472 1120 3551 sanctificatur,
1144 3496 1208 3534 non
1232 3474 1299 3558 quia

96 3598 117 3611 ιι
185 3602 187 3607 -
235 3556 427 3634 comeditur,
468 3578 504 3616 eo
532 3558 753 3654 progrediens,
786 3575 823 3623 ut
850 3560 937 3620 verbi
969 3580 1083 3641 corpus
1099 3558 1223 3634 evadat,
1247 3555 1298 3627 sed

188 3662 191 3669 ’
238 3645 340 3704 statim
372 3664 429 3726 per
455 3641 583 3715 verbum
615 3645 645 3719 in
678 3643 791 3726 corpus
822 3657 979 3720 mutatur,
1015 3655 1051 3704 ut
1078 3643 1197 3723 dictum
1218 3654 1297 3703 esta

238 3727 334 3789 verbo
345 3771 355 3805 ,
381 3725 608 3809 quoniamlroe
632 3740 676 3787 est
698 3750 811 3812 corpus
828 3750 934 3793 meum.

324 3823 371 3879 11.
413 3810 607 3870 EUSEBIUS
630 3811 759 3872 Emisen.
781 3810 884 3880 homil.
906 3810 996 3879 5.'de
1016 3808 1175 3871 Paschat.:
1220 3809 1298 3886 Quia

238 3916 348 3976 eorpus
367 3907 549 3979 assumptum
564 3894 719 3975 ablaturus
742 3910 806 3956 erat
828 3886 979 3956 ex'oculis
1011 3896 1145 3977 nostris,
1168 3893 1299 3978 etjiside-

237 3978 322 4040 ribus
344 3979 491 4054 illaturus,
512 3982 711 4040 necessarium
730 3993 802 4056 erat,
825 3991 860 4040 ut
876 3979 964 4059 nobis
990 3981 1020 4049 in
1043 3979 1102 4040 hac
1126 3979 1175 4039 die
1200 3997 1299 4060 sucita-

237 4077 371 4125 mentum
392 4065 531 4146 corporis
552 4076 581 4123 ct
604 4066 756 4152 sauguinis
779 4065 825 4123 sui
850 4077 1061 4135 consecraretz
1089 4075 1126 4123 ut
1142 4063 1298 4147 poleretut·

236 4148 353 4235 jugiter
376 4164 432 4235 per
453 4148 641 4241 mysterium,¹
662 4148 748 4233 quod
769 4142 863 4227 semel
881 4144 1073 4236 dreheim
1092 4150 1128 4221 in
1143 4142 1298 4231 pretium
