2790 4792
253 350 333 427 154
495 342 1075 421 obsecuturusne

253 526 392 608 rabilem,
416 548 452 592 ae
470 533 520 594 cui
536 529 755 594 revelationum
786 532 938 607 mysteria
951 529 1044 591 multa
1065 527 1212 590 divinitus
1240 527 1312 590 fuis·

254 625 321 674 sent
339 614 468 694 detecta,
488 616 546 678 sibi
561 637 708 693 narrasse,
723 637 755 677 se
776 614 831 676 tali
853 615 925 677 olim
944 618 1057 675 visione
1078 613 1207 696 dignum
1225 611 1310 673 habi·

80 706 319 757 vamam-tum
346 719 364 759 a
388 699 455 758 Deo
484 722 563 777 esse,
598 722 633 761 ac
666 721 724 785 per
747 699 823 759 illud
850 700 973 782 quidem
1002 704 1122 780 tempus
1151 697 1309 780 derepente

80 760 219 862 iiiiffi..
255 781 430 865 angelorum
448 784 671 847 multitudinem
688 785 876 865 conspexisse
900 787 1057 865 (quatenus
1087 781 1238 841 humanus
1258 780 1308 855 ad·

254 878 375 949 spectus
396 868 476 928 ferre
494 874 632 952 poterat),
650 868 835 951 fulgentibus
857 866 990 928 vestibus
1008 865 1199 943 indutorum,
1224 864 1307 935 altare

253 951 352 1033 ipsum
375 953 641 1015 circumdantium:
674 953 805 1033 denique
833 954 877 1025 sio
908 953 1007 1035 capite
1029 949 1253 1025 inclinatorum
1277 959 1305 1007 ut

254 1035 280 1094 si
301 1036 368 1117 quis
401 1037 508 1097 milites
545 1049 701 1119 praesente
733 1048 804 1120 rege
829 1047 939 1096 stantes
958 1035 1074 1096 videatt
1097 1035 1130 1094 id
1160 1034 1245 1115 quod
1266 1031 1305 1092 ia·

253 1117 309 1179 cile
335 1117 409 1179 mihi
430 1122 439 1178 i
462 1142 493 1182 se
513 1121 690 1206 persuadeo.
732 1121 817 1180 Idem
834 1132 864 1181 et
881 1121 956 1180 alius
970 1119 1094 1200 quidam
1110 1117 1187 1178 mihi
1207 1138 1305 1176 narra·

252 1203 307 1279 rit,
330 1223 390 1263 non
415 1142 466 1264 illi
492 1206 614 1288 quidem
641 1205 681 1265 ab
702 1203 762 1264 alio
784 1204 928 1280 edoctus,
960 1203 1014 1262 sed
1043 1202 1153 1286 dignus
1183 1200 1304 1276 habitus,

253 1285 328 1367 quid
351 1299 381 1347 et
393 1287 517 1350 vidisset
535 1292 600 1372 ipse
620 1301 651 1350 et
672 1288 825 1362 audiisset,
847 1288 930 1369 quod
951 1289 1005 1369 qui
1027 1286 1067 1347 de
1086 1289 1149 1355 uita
1165 1284 1223 1346 hac
1243 1287 1304 1345 emi·

232 1373 369 1454 ,graturi
394 1384 474 1450 sunt,
495 1376 520 1434 si
544 1379 759 1450 mysteriorum
778 1372 953 1451 hujusmodi
975 1393 1042 1431 cum
1060 1392 1139 1452 pura
1153 1383 1185 1430 et
1205 1369 1303 1430 munda

252 1457 432 1518 couscientia
458 1459 572 1518 fuerint
601 1458 762 1542 participes
789 1459 928 1539 spiritum
952 1457 1099 1530 adlaturi,
1121 1455 1175 1514 'ab
1204 1453 1302 1537 angelis

251 1537 374 1599 illorum
396 1562 529 1624 corpora
565 1541 729 1603 satellitum
757 1562 841 1600 more
872 1539 1077 1623 stipantibus,
1107 1550 1238 1620 propter
1262 1550 1302 1597 a's·

251 1636 402 1705 sumptum
427 1626 505 1686 illud
526 1647 645 1686 sacrum
665 1624 738 1685 hinc
755 1637 837 1685 recta
866 1628 897 1684 in
920 1623 1035 1684 caelum
1059 1622 1267 1682 abducuntur.

335 1743 365 1797 4.
410 1731 644 1792 GREGORIUS
665 1732 868 1790 Nazianzenus
891 1733 921 1790 in
952 1731 1091 1790 oratione
1117 1729 1240 1788 funebri
1259 1748 1303 1813 so·

173 1814 177 1821 ’
252 1813 332 1881 roris
353 1835 424 1874 suae
448 1816 639 1898 Gergouiae:
681 1815 856 1874 Laborabat
887 1834 975 1874 soror
1009 1816 1147 1896 corporis
1181 1816 1307 1898 aegritu«

253 1894 334 1971 dine,
355 1907 385 1956 et
404 1897 567 1957 admodum
590 1898 667 1958 male
688 1897 794 1957 affecta
820 1908 885 1958 erat
912 1897 1022 1957 morbo
1049 1898 1249 1973 inconsueto,
1276 1915 1304 1956 ac

251 1975 342 2059 plane
361 1983 523 2065 peregrino
544 1993 600 2041 etc.
621 1982 745 2062 QQuum
766 1984 828 2061 jam
846 1983 884 2040 de
902 1982 1041 2040 omnibus
1062 1980 1127 2040 aliis
1156 1983 1304 2064 desperas·

253 2073 308 2138 set,
325 2063 364 2122 ad
384 2067 520 2124 omnium
543 2064 682 2148 confugit
699 2064 864 2124 medicum:
887 2068 1045 2146 noctisque
1066 2078 1187 2147 captata
1205 2065 1302 2124 solitu·

80 2156 158 2209 inquo
168 2169 243 2198 asser.
254 2146 333 2224 dine,
357 2170 426 2208 cum
453 2149 496 2208 illi
516 2147 640 2209 morbus
657 2169 763 2231 parvas
784 2151 976 2208 concessisset
996 2149 1151 2225 inducias,
1175 2161 1240 2209 ante
1265 2146 1302 2206 al·

80 2207 177 2246 vebatur
197 2208 242 2248 Eu·
640 2235 647 2248 .
745 2235 752 2248 .

80 2256 197 2301 eiusne,
252 2241 318 2293 tare
336 2254 403 2292 cum
421 2230 483 2292 fide
494 2233 673 2316 procubuit,
692 2256 726 2295 ac
745 2232 838 2308 illum,
863 2255 952 2312 quem
972 2234 1184 2310 venerabatur,
1208 2250 1303 2316 magna

80 2305 326 2412 ξζζὲῗξξῑᾶοῇνοοε
336 2338 371 2376 ac
385 2320 465 2378 omni
476 2320 626 2391 invocavit
640 2320 805 2394 conamine,
828 2318 917 2397 eique
930 2319 1073 2377 miracula
1093 2329 1215 2394 cuncta,
1239 2335 1306 2398 quae
1337 2354 1339 2371 1

78 2413 155 2456 σθω·
253 2400 326 2461 olim
335 2401 456 2482 fecerat,
469 2403 500 2460 in
510 2405 681 2462 memoriam
698 2402 826 2463 reduxit.
847 2401 922 2460 Nam
941 2414 970 2460 ct
982 2413 1099 2460 vetusta
1113 2413 1144 2461 et
1157 2421 1236 2461 nova
1251 2399 1305 2460 cal·

250 2484 348 2545 lebat:
370 2487 491 2546 tandem
500 2485 684 2569 impudentia
693 2487 823 2569 quadam
839 2487 889 2566 pia
902 2497 932 2545 et
940 2485 1068 2566 pulchra
1078 2488 1236 2566 impudens
1250 2485 1307 2544 fae·

227 2626 228 2631 ,
249 2579 289 2642 ta,
306 2569 388 2628 illam
403 2569 587 2646 imitabatur,
605 2593 682 2652 quae
695 2572 736 2633 ob
749 2583 861 2630 tactum
872 2567 1008 2628 fimbriae
1022 2571 1210 2630 CHRISTIa
1231 2567 1305 2627 lluru
1331 2626 1334 2641 ,

248 2655 401 2735 sanguinis
417 2665 462 2712 est
482 2666 597 2714 sanata:
620 2668 650 2715 et
666 2655 810 2736 quidnam
821 2654 916 2713 facit?
938 2674 1031 2736 super
1044 2653 1140 2713 altare
1151 2666 1244 2736 caput
1262 2673 1307 2712 re·
1327 2698 1332 2711 .

249 2732 348 2811 dinat,
376 2756 410 2794 ac
436 2758 505 2797 cum
529 2738 616 2796 simili
640 2738 769 2798 clamore
793 2750 821 2796 et
847 2737 1037 2797 lacrimarum
1062 2736 1237 2820 profluvio,
1252 2737 1305 2820 *in-

249 2830 311 2876 star
329 2818 419 2907 illius,
442 2840 520 2900 quae
543 2820 615 2879 olim
639 2822 730 2902 pedes
754 2821 914 2881 CHRISTI
930 2823 1055 2904 rigavit,
1086 2842 1176 2904 opem
1204 2819 1306 2902 implo-

248 2914 310 2960 rat:
333 2914 363 2963 et
384 2923 446 2963 non
466 2914 553 2963 antea
580 2924 611 2962 se
633 2918 814 2964 cessaturam
837 2916 881 2963 est
904 2909 1090 2981 comminata,
1121 2927 1213 2986 quam
1230 2905 1306 2964 sani-

246 2996 337 3045 tatem
357 2987 465 3046 fuisset
492 2987 611 3070 adepta.
655 2989 731 3048 lude
748 3001 845 3049 totum
863 3011 974 3070 corpus
999 2989 1162 3072 pharmaco
1183 2989 1236 3049 illo
1255 3007 1305 3047 suo

245 3073 396 3153 perunxit,
419 3083 450 3132 et
464 3072 488 3130 si
510 3071 622 3130 alicubi
644 3092 749 3131 manus
770 3093 804 3131 er
824 3075 997 3133 venerando
1024 3078 1169 3154 corperis
1192 3086 1222 3150 et
1242 3093 1305 3132 san-

243 3157 343 3238 guinis
362 3155 521 3216 CHRISTI
533 3155 591 3214 sub
602 3157 771 3240 exemplari,
796 3157 871 3235 quid
892 3158 1109 3218 recondiderat
1129 3160 1198 3238 (pro
1218 3158 1306 3216 mira-

244 3239 372 3314 culum),
398 3240 542 3314 discessit,
565 3260 662 3320 quum
687 3241 844 3308 confestim
867 3240 904 3300 de
933 3244 1072 3324 corporis
1104 3239 1204 3301 salute
1233 3242 1305 3301 facta

244 3335 290 3382 est
313 3335 408 3400 certa,
430 3336 491 3384 tam
512 3325 609 3384 anima
630 3346 720 3406 quam
736 3345 865 3405 corpore
889 3336 1047 3385 ac‘mente
1072 3323 1213 3402 relevata,
1232 3344 1306 3402 mer·

244 3407 349 3466 cedem
369 3409 433 3490 spei
449 3428 568 3471 sumens
592 3407 634 3483 id,
661 3408 747 3489 quod
767 3422 951 3490 speraverat,
977 3411 1153 3490 animaeque
1174 3412 1305 3484 sanitate,

161 3568 165 3579 Ι
243 3494 382 3575 corporis
405 3493 494 3551 etiam
514 3492 626 3552 bonam
643 3493 844 3552 valetudinem
867 3505 964 3556 nacta.
1128 3510 1129 3514 ’

329 3621 357 3674 5.
400 3607 647 3668 GREGORIUS.
669 3611 711 3670 M.
736 3613 769 3671 L.
807 3609 863 3675 IV.
898 3610 1019 3692 Dialog.
1054 3631 1079 3668 c.
1109 3622 1178 3677 58·:
1234 3607 1323 3686 Quis'

242 3686 380 3750 fidelium
395 3690 509 3750 habere
534 3691 662 3752 dubium
683 3697 787 3775 possit,
806 3696 837 3752 in
856 3694 921 3775 ipsa
937 3693 1149 3754 immolationis
1174 3693 1252 3754 hora
1266 3689 1302 3752 ad

242 3775 409 3834 sacerdotis
436 3795 541 3835 vocem
566 3776 665 3836 caelos
680 3781 801 3861 aperiri,
821 3780 851 3837 in
872 3777 925 3837 illo
941 3778 1036 3838 JESU
1049 3777 1213 3839 CHRISTI
1227 3796 1305 3853 mys-

242 3860 322 3929 terio
344 3859 518 3942 angelorum
540 3858 652 3920 choros
675 3863 787 3939 adesse,
811 3864 932 3922 summis
955 3864 1012 3920 ima
1035 3863 1167 3939 sociari,
1192 3875 1306 3923 terrena

92 3965 233 4028 angelorum
244 3940 420 4002 caelestibus
439 3943 538 4028 jungi,
560 3963 655 4006 uuum
682 3967 808 4031 quoque
833 3966 868 4007 ex
888 3946 1060 4006 visibilibus
1078 3957 1173 4028 atque
1204 3946 1306 4006 inrui-

68 4015 234 4109 tsssgggfgp}
243 4022 356 4090 bilibus
370 4025 456 4086 fierit

68 4115 196 4161 ὠήθη·
328 4129 536 4194 ememus
557 4133 663 4196 somn.
688 4151 717 4204 5.
742 4120 1128 4219 sanivei·s.svasg.100.=
1171 4135 1306 4218 Quando

241 4227 376 4308 sanctum
392 4214 496 4280 cibum
512 4216 652 4304 illudque
673 4221 886 4304 incorruptum
905 4215 1015 4305 accipis
1031 4219 1171 4317 epulum,
1179 4221 1304 4307 quaudo

9 2115 12 2120 ·
93 2105 154 2148 dats
171 2107 244 2151 altera
