2790 4792
268 324 322 391 10
477 264 1133 379 'nna-acassiaurts·
1226 254 1229 260 ⁸

222 504 224 509 '
268 520 331 562 non
352 494 539 582 ponentibus
562 494 683 560 obicem
712 514 777 567 non
804 495 967 576 conferre,
982 516 987 523 ·
1001 494 1090 576 quasi
1113 494 1197 578 signa
1223 507 1343 561 tantum

268 596 392 655 externa
412 584 473 651 siut
490 594 634 667 acceptae
653 601 711 667 per
734 577 826 639 fidem
848 581 964 664 gratiae
985 579 1033 640 vcl
1056 581 1208 662 justitiae,
1232 593 1262 642 et
1280 605 1344 644 no-

267 663 323 729 tae'
340 652 490 751 quaedam
517 664 705 727 Christianae
721 663 939 746 professionis,
964 662 1079 745 quibus
1098 662 1182 747 apud
1201 664 1342 735 homines

270 752 488 813 discernuntur
506 749 611 812 fideles
632 749 671 810 ab
695 747 886 826 infidelibus,
907 747 1065 809 anathema
1077 751 1128 813 sit.
1170 748 1343 813 CANONE

269 839 426 920 septimun
440 836 474 896 si
507 835 576 918 quis
606 835 715 894 dixerit
741 853 805 893 non
834 833 901 894 dari
918 835 1062 918 gratiam,
1077 854 1135 916 per
1159 831 1344 914 hujusmodi

269 933 456 982 sacramenta
475 939 616 1004 semper,¹
627 930 660 980 et
683 917 845 995 omnibus,
875 930 1024 1000 quantum
1043 929 1090 978 est
1105 938 1140 977 ex
1164 931 1253 1001 parte
1271 921 1344 998 Dei,

270 1008 361 1083 etiam
391 1007 416 1073 si
449 1006 508 1066 rite
543 1026 580 1065 ea
599 1005 784 1087 suscipiant,
821 1002 874 1063 sed
896 1002 1079 1085 aliquando,
1119 1013 1149 1062 et
1176 1003 1343 1086 aliquibus,

95 1113 129 1155 m
146 1112 215 1164 opere
234 1122 260 1154 ο.
270 1090 428 1151 anathema
450 1091 500 1150 sit.
544 1089 729 1149 ET'canone
749 1098 873 1148 octavo:
894 1086 927 1147 Si
949 1089 1017 1169 quis
1043 1087 1171 1163 dixerit,
1198 1109 1257 1170 per
1277 1092 1341 1172 ipsa

96 1167 184 1215 ‘mm‘
268 1175 458 1258 novaelegis
477 1173 671 1235 Sacramenta
688 1193 725 1232 ex
748 1194 843 1256 opere
862 1185 988 1256 operato
1003 1193 1071 1232 non
1101 1173 1237 1235 conferri
1270 1195 1340 1257 gra-

269 1262 361 1337 tiam,
398 1258 452 1318 sed
481 1257 575 1319 solam
610 1255 703 1317 fidem
748 1257 866 1317 divinae
896 1258 1106 1341 promissionis
1136 1256 1176 1317 ad
1213 1270 1343 1341 gratiam

269 1341 513 1427 consequendam
541 1341 701 1417 sufficere,
736 1341 894 1401 anathema
921 1343 969 1402 sit.

86 1452 92 1478 ³
110 1443 245 1515 signanus
355 1441 382 1497 1.
404 1428 437 1487 C.
480 1420 737 1488 AUGUSTINUS
763 1428 849 1509 epist.
867 1438 917 1493 25.
942 1425 982 1486 ad
1003 1425 1151 1486 Bonifac.:
1188 1421 1221 1482 Si
1240 1445 1344 1486 sacra-

94 1522 172 1551 ’Μ
197 1525 234 1552 ¹⁰·
269 1525 370 1574 menta
381 1511 538 1595 ,quandam
560 1510 785 1581 similitudinem
810 1530 913 1571 earum
934 1531 1059 1587 rerum,
1088 1528 1218 1592 quarum
1239 1531 1343 1572 sacra-

40 1654 42 1659 ,
93 1572 260 1652 iiiisbiiiffm
269 1611 371 1665 menta
382 1608 475 1674 sunt,
499 1617 562 1659 non
580 1595 746 1669 baberent,
765 1597 888 1656 omnino
906 1606 1093 1665 sacramenta
1108 1615 1171 1656 uon
1190 1606 1302 1655 essent.

94 1663 180 1700 ”⁰²¹²
354 1696 384 1747 2.
425 1681 536 1739 IDEM
556 1678 745 1762 Augustinus
772 1681 807 1740 L.
822 1681 861 1742 de
883 1668 1004 1751 Catccli.
1032 1679 1101 1740 rud.
1124 1700 1149 1739 c.
1175 1690 1244 1744 aa:
1266 1679 1344 1743 Cum

271 1765 299 1825 ci
320 1764 401 1831 bene
417 1763 661 1824 commendatum
679 1763 790 1840 fuerit,
813 1765 971 1846 signacula
991 1767 1117 1846 q'nidcm
1141 1783 1245 1822 rerum
1263 1763 1345 1825 divi-

268 1868 378 1947 narum
411 1867 474 1910 esse
503 1844 652 1946 visibilia,
683 1846 737 1907 sed
768 1867 818 1908 res
840 1851 920 1931 ipsas
939 1849 1158 1933 invisibilesin
1178 1849 1220 1908 eis
1240 1846 1344 1909 bono·
1368 1842 1377 1857 ⁴

112 2038 260 2080 summensi
269 1953 333 2001 mm
354 1944 389 2085 1et
389 1954 458 2076 qD
491 2013 749 2085 AUGUSTINUS
768 2015 799 2073 in
825 2014 937 2083 Psalm.
961 2028 1026 2083 ηε
1051 2013 1120 2075 Alia
1147 2026 1218 2077 sunt
1239 2037 1341 2076 sacra-

94 2089 244 2179 }ffi'ssffff‘
261 2104 369 2163 'menta
391 2100 496 2163 dantia
515 2101 658 2175 salutem,
684 2099 742 2159 alia
765 2101 971 2180 promittentia
999 2099 1188 2160 salvatorem.
1232 2101 1339 2170 Sacra-

95 2190 149 2229 ‘ffl-
269 2199 369 2251 menta
387 2188 460 2247 novi
483 2185 653 2247 testamenti
676 2183 750 2243 dant
772 2183 920 2262 salutem,
947 2197 1133 2245 sacramenta
1155 2187 1265 2246 veteris
1291 2197 1341 2245 te-
1374 2259 1379 2265 Ι

117 2264 125 2271 ’
271 2272 408 2331 stamenti
436 2272 645 2353 promiserunt
671 2266 860 2328 salvatorem.
913 2271 1032 2333 Mutata
1056 2282 1128 2328 sunt
1145 2281 1342 2348 sacramenta,

269 2355 441 2417 facta-sunt
456 2354 620 2430 faciliora,
650 2354 813 2435 pauciora,
832 2352 1028 2429 salubriora,
1048 2352 1195 2414 feliciora.

110 2475 190 2518 om„
212 2486 249 2521 „t
353 2453 385 2506 2.
427 2439 536 2500 IDEM
568 2441 601 2500 in
619 2436 730 2499 Psalm.
754 2450 823 2506 tu:
856 2437 899 2498 Et
919 2456 989 2497 cum
1012 2448 1109 2497 essent
1131 2438 1235 2498 omnia
1256 2460 1343 2499 com-

93 2525 255 2619 fjffigpgo·
270 2525 374 2583 munia
393 2537 597 2601 sacramenta,
619 2543 683 2582 non
705 2524 871 2583 communis
893 2535 959 2583 erat
979 2521 1121 2582 omnibus
1138 2525 1242 2606 gratia,
1263 2544 1343 2606 quae

92 2617 96 2628 '
232 2605 238 2618 '
271 2619 528 2671 sacramentorum
549 2611 644 2668 vii-uis
666 2617 719 2666 est.

106 2682 245 2750 visssam.
351 2703 382 2757 5.
424 2691 530 2751 ITEM
550 2692 584 2754 L.
612 2690 699 2752 XIX.
728 2701 808 2749 cont.
837 2691 944 2753 Faust.
964 2690 1098 2752 Manich.
1120 2713 1148 2753 c.
1174 2704 1244 2759 11..
1283 2692 1342 2753 Sa·-

94 2763 233 2801 ¹²⁰”‘⁰¹””¹·
269 2785 493 2834 crementorum
517 2775 562 2834 vis
593 2771 836 2834 inenarrabiliter
869 2775 951 2842 valet
977 2776 1164 2858 plurimum:
1204 2789 1239 2837 ⁴et
1262 2777 1341 2839 <ideo

250 2858 628 2941 'contempta'sacrilego's
650 2859 732 2920 lacit.
774 2857 871 2940 Impie
892 2857 1009 2944 quippe
1030 2863 1254 2939 contemnitur,
1275 2864 1340 2923 sine

125 2988 128 2993 -
239 3000 242 3018 ,
270 2961 334 3025 qun
355 2961 420 3003 non
441 2954 546 3024 potest
565 2939 675 3026 perfici
701 2943 807 3023 pietas.
1318 2986 1320 2990 »

93 3038 188 3097 vialis
212 3069 259 3100 ms.
281 3080 285 3091 .
308 3061 311 3087 :
349 3037 381 3096 [ιι
409 3027 589 3092 „contat
607 3024 739 3087 eundem
761 3023 859 3105 ejusd.
881 3024 951 3085 Lib.
972 3050 1039 3111 cap.
1063 3042 1129 3097 ΜΛ
1161 3029 1267 3091 Prima
1289 3053 1340 3094 sa-

93 3103 145 3193 {212
156 3110 259 3200 ζξηῗξοίξζ
270 3111 516 3195 'eramenta'ideo
541 3109 671 3193 ablata,
702 3109 778 3192 quia
794 3107 934 3191 impleta:
967 3127 998 3178 et
1019 3114 1084 3174 alia·
1104 3127 1176 3174 sunt
1197 3118 1341 3179 instituta

92 3201 242 3312 gamit}
268 3196 382 3257 virtute
411 3197 550 3279 majora,
584 3195 713 3257 utilitate
745 3193 890 3270 meliora,
924 3208 996 3257 actu
1017 3191 1176 3276 faciliora,
1210 3221 1341 3263 numero

164 3283 452 3344 '·⁶ffl0l01‘d···
593 3316 628 3343 .·
687 3335 755 3346 ..
859 3293 927 3302 '¹
1028 3298 1072 3347 ’ἦ
1235 3342 1237 3347 .

268 3300 290 3364 P
351 3376 381 3431 5.
404 3364 460 3426 ET
479 3385 544 3448 cap.
569 3376 642 3434 162:
674 3364 759 3441 Quid
787 3366 866 3426 enim
899 3378 970 3429 sunt
999 3366 1246 3449 aliud-quaeque
1266 3390 1340 3430 cor-

267 3447 386 3530 poralia
407 3460 612 3526 sacramenta,
645 3451 704 3512 uisi
725 3451 872 3531 quaedam
896 3453 982 3533 quasi
998 3450 1100 3517 ‘rerba
1120 3452 1268 3526 visibilia,
1287 3476 1340 3515 sa-.

267 3544 426 3594 cresancta
456 3533 736 3614 quidem,:rerum
767 3547 867 3597 tamen
895 3533 1051 3601 mutabilia
1085 3545 1114 3594 et
1144 3537 1339 3618 temporalia.

266 3614 351 3676 Deus
370 3619 453 3678 enim
473 3628 618 3679 aeternus
637 3630 700 3690 est,
721 3620 777 3680 nec
801 3633 900 3682 tamen
918 3633 998 3700 aqua
1020 3632 1051 3686 et
1072 3621 1168 3680 omnis
1191 3622 1242 3683 illa
1256 3624 1337 3683 actio

28 3771 37 3782 ,
116 3772 122 3787 ι
265 3699 460 3782 corporalis,
483 3722 563 3783 quae
582 3704 706 3785 agitur,
732 3725 801 3768 cnm
822 3705 1030 3789 baptizamus,
1058 3715 1088 3762 et
1108 3701 1145 3764 fit
1167 3717 1197 3764 et
1216 3712 1337 3782 transit,

90 3770 389 3869 {ffissgfssgffl’aeterna
411 3798 472 3847 est:
499 3783 555 3847 ubi
573 3808 684 3851 rursus
702 3789 791 3849 etiam
813 3790 883 3850 illae
904 3787 1036 3864 syllabae
1058 3788 1196 3850 celeriter
1211 3811 1339 3851 sonan-

89 3882 175 3961 Ἆρα,
198 3877 309 3927 mutes
337 3880 368 3929 et
400 3881 612 3948 transeuntes,
641 3884 717 3935 *cum
739 3874 853 3935 dieitur
872 3873 980 3949 Deus,
1009 3873 1067 3932 nisi
1095 3871 1255 3951 dieantur,
1275 3897 1338 3936 non

91 3931 475 4019 1.2l352.li?·consecrasui.
527 3954 610 4019 Haec
644 3959 745 4020 omnia
771 3957 850 4018 fiunt
886 3967 918 4018 et
950 3968 1130 4034 transeunt,
1160 3971 1272 4020 sonant
1307 3972 1339 4021 et

87 4027 433 4100 '⁸”“”·⁰³‘·transeunt=
466 4042 565 4102 virtus
597 4052 719 4122 tamen,
750 4036 829 4125 quae
855 4061 912 4126 per
940 4041 1180 4124 istaoperatur,
1217 4044 1338 4126 jugiter

264 4131 383 4182 manet:
405 4134 437 4187 et
449 4123 566 4189 donum
583 4127 740 4213 spiritale,
763 4123 848 4210 quod
869 4146 925 4213 per
945 4127 1006 4191 isu
1025 4127 1209 4203 insinuatur,
1231 4138 1335 4190 aeter·
1360 4151 1365 4169 ¹

262 4222 339 4267 uum
355 4217 409 4272 est.
846 4219 851 4230 “
1018 4220 1038 4261 4
