2790 4792
386 366 389 373 ,
473 299 779 377 ΟΙΙΒΙΙιΙε.
912 306 956 325 ·’
1049 312 1151 403 x431¹

50 531 63 577 „
168 490 280 551 Joan.
306 489 383 559 Χ.ι,
406 489 524 568 Amen,
548 508 636 551 emen
663 481 737 547 dico
764 482 867 564 robis,
896 489 956 571 ¹qni
977 509 1040 551 non
1057 491 1156 573 ¹intrat

50 673 54 687 Ι
84 619 141 687 per·
157 600 272 659 ostium
304 599 335 656 in
358 595 435 656 ovile
468 600 582 672 ovium,
617 589 671 653 sed
693 591 830 652 ascendit
859 591 996 657 aliunder
1023 597 1082 661 ilie
1105 597 1156 657 fur·

50 748 57 796 ,
85 716 133 766 est
157 717 188 765 et
216 703 302 765 latro.
344 704 408 763 Fur
432 722 496 764 non
520 703 626 777 venit,
659 699 719 760 nisi
739 709 774 759 ut
802 698 921 761 furetur
945 716 1101 805 etnraetet
1125 717 1155 764 et

50 811 202 927 ,perdat
246 814 349 893 Lupus
369 813 463 896 rapit
469 823 506 870 et
527 807 677 891 dispergit
695 825 776 867 ores.
987 810 1007 877 J

109 920 317 979 Cmantic.
346 920 407 980 ΙΙ..
452 915 559 999 Capite
581 912 671 975 nobis
695 912 801 996 vulpes
817 912 971 996 parvulas,
997 934 1098 1000 qnae
1086 914 1155 981 de·
1202 986 1207 993 ¹

84 968 256 1086 moliuntur
278 1028 1089 1085 vineas,

118 1132 251 1198 Aet.
273 1133 360 1192 ΧΧ.·
402 1129 471 1212 Ego
497 1103 560 1188 seio
587 1127 698 1209 (iuquit
721 1122 838 1186 Paulus
869 1124 909 1185 ad
932 1127 1068 1223 majores
1085 1143 1156 1194 natu

81 1236 240 1301 Ecclesiae
270 1237 451 1321 Ephesinae)
484 1237 671 1318 quoniam
662 1230 822 1294 intrabunt
843 1245 917 1316 post
944 1224 1156 1331 discessionem

79 1366 179 1407 meam
200 1348 266 1430 lupi
289 1364 413 1425 rapaces
430 1345 461 1401 irr
485 1364 549 1420 vos,
571 1363 635 1402 non
658 1353 819 1424 parcentes
839 1342 933 1424 gregi.
974 1340 1016 1403 Ει
1040 1362 1074 1403 er
1098 1367 1157 1407 vo·

62 1442 165 1517 3'bis
156 1456 230 1537 ipsis
262 1461 423 1532 exsurgent
465 1452 522 1510 viri
551 1427 710 1531 loquentes
738 1468 905 1554 perversa,
937 1457 974 1506 ιιι
994 1447 1156 1555 abducent

76 1542 255 1645 discipulos
277 1567 349 1637 post
374 1574 415 1616 se.

170 1660 316 1722 Matth.
337 1664 424 1725 VIL:
467 1659 623 1721 Attendite
645 1660 732 1722 vobIs
757 1681 776 1723 a
801 1659 885 1722 falsis
908 1622 1104 1745 prophetis,
1106 1630 1163 1739 qui
1254 1622 1256 1627 Ι
1341 1700 1346 1707 -

77 1770 216 1832 veniunt
238 1767 277 1827 ad
298 1788 353 1828 vos
373 1769 404 1827 in
425 1768 610 1828 vestimentis
626 1767 740 1845 ovium,
765 1769 945 1830 intrinsecus
969 1777 1079 1850 autem
1089 1778 1162 1827 sunt

50 1910 55 1915 -
82 1876 157 1959 lupi
182 1894 315 1956 rapaces.
356 1874 386 1936 A
407 1873 560 1934 fructibus
583 1896 688 1936 eorum
711 1879 898 1959 cognoscetis
923 1888 989 1936 eo‘s.¹
1035 1886 1039 1895 '

102 1974 127 2065 Ἰ
171 1979 269 2040 Rom.
291 1981 346 2042 X.=
390 1982 556 2066 Quomodo
578 1981 703 2043 audient
724 1986 789 2065 sine
808 1968 1033 2073 praedicante?
1067 1984 1161 2067 Quo·

74 2085 180 2150 modo
200 2103 273 2149 vero
292 2089 530 2172 praedicabunt,
549 2091 607 2149 nisi
630 2089 807 2152 mittantur?

135 2222 137 2226 ¹
167 2192 255 2257 Act.
276 2197 390 2258 x111.:·
424 2195 587 2280 segregate
613 2195 690 2256 mihi
714 2178 840 2258 Sauln'm
860 2210 891 2258 et
915 2186 1084 2260 Bernabam
1100 2213 1158 2263 etc.

105 2376 111 2389 ι
168 2284 317 2364 Cautio.
342 2303 419 2366 v1.=
460 2301 599 2365 Pulchra
622 2323 652 2386 es
673 2304 857 2378 amicamea,
871 2304 968 2364 suavis
992 2317 1022 2365 et
1043 2290 1158 2369 decora

81 2392 166 2473 aient
185 2409 361 2486 Jerusalem,
382 2409 529 2470 terribilis
543 2420 580 2468 ut
599 2419 768 2467 castrorum
791 2407 869 2467 acies
886 2407 1037 2475 ordinata.
1101 2474 1105 2485 ⁸

125 2519 192 2577 1.
215 2515 407 2579 Corinth.
431 2517 527 2576 xlta
571 2512 738 2588 Quosdam
755 2512 879 2594 quidem
902 2517 1008 2597 posuit
1024 2517 1134 2591 Deus
1125 2540 1158 2585 ru

76 2620 231 2700 Ecclesia,
252 2626 386 2705 primum
398 2618 579 2704 Apostolos,
598 2618 734 2683 secundo
754 2618 939 2723 Prophetas,
959 2626 1052 2686 tertio
1073 2629 1160 2688 Doc-

76 2716 181 2821 tores,
203 2729 313 2790 deinde
329 2729 467 2803 virtutes,
494 2720 600 2787 exinde
622 2729 730 2819 gratias
750 2716 952 2810 curationum,
974 2733 1158 2825 opitulatio·
1210 2713 1212 2717 ἲ

51 2858 158 2933 ῳ,
193 2834 448 2918 gubernationes,
485 2854 595 2918 genera
628 2832 810 2920 linguarum
860 2826 1030 2921 Numquid
1052 2864 1156 2905 omnes
1192 2847 1201 2856 '

50 2940 249 3029 ffipostoli?
270 2943 541 3025 numquidomnes
558 2940 751 3027 Prophetae
771 2945 918 3025 numquid
939 2966 1042 3006 omnes
1058 2949 1157 3010 .-Doe

50 3038 194 3115 iores?
215 3050 364 3132 numquid
385 3071 485 3129 omnes
497 3052 646 3128 virtutes?
666 3051 819 3133 numquid
833 3073 936 3112 omnes
958 3038 1085 3136 gratiam
1099 3055 1157 3117 ha-

50 3154 162 3221 ·lsent
185 3156 394 3218 curationum?
416 3160 568 3240 numquid
591 3180 695 3222 omnes
719 3156 832 3243 linguis
852 3157 1043 3242 loquuntur?
1064 3184 1156 3224 num·

53 3261 161 3351 quid
182 3282 285 3324 omnes
310 3265 572 3349 interpretantur?
759 3308 764 3321 ·

61 3380 66 3387 ·
98 3386 104 3393 ·
166 3367 316 3453 Ephes.
349 3373 423 3434 lu·
464 3374 535 3434 Et
528 3393 594 3455 rpse
627 3372 713 3434 dedit
734 3371 885 3456 quosdam
916 3374 1040 3457 quidem
1064 3373 1154 3461 Apo·

62 3442 190 3552 riolos,
219 3471 369 3558 quosdam
391 3492 490 3540 autem
509 3478 699 3573 Prophetas,
724 3481 798 3541 alios
833 3502 907 3543 vero
938 3482 1153 3566 Evangelistas,

62 3585 157 3651 alias
187 3595 289 3661 autem
309 3585 451 3649 Pastores
469 3599 500 3651 et
521 3588 675 3653 Doctores
690 3587 730 3648 ad
747 3591 1038 3652 consummationem
1060 3611 1151 3654 sanc·-

58 3704 209 3768 -torum,
238 3702 296 3752 etc.

366 3800 867 3949 ,narnus-

103 3964 107 3971 Ι
165 3984 196 4069 1.
237 3999 274 4061 A.
299 3955 526 4065 CONCILIUM
543 4004 769 4065 Florentinum·
794 3997 936 4066 Effectus
962 4005 1162 4082 Sacramentt,

64 4085 230 4164 Ordinis,
263 4098 308 4147 est
329 4101 522 4175 augmentum
543 4091 674 4173 gratiae,
705 4102 740 4153 ut
772 4093 841 4173 quis
871 4093 911 4152 sit
931 4090 1060 4154 idoneus
1090 4097 1148 4156 mi·
1183 4136 1185 4141 ψ

50 4175 180 4249 nister
