2790 4792
244 360 308 455 ..2⁴
477 308 1099 431 messenen-uum

257 548 391 603 mentum
412 550 470 605 etc
513 535 555 597 Et
576 558 696 605 rursum
721 549 812 627 post·
833 537 920 607 ,lesus
942 549 1049 600 autem
1063 534 1185 597 elevatis
1204 544 1350 602 sursum*

146 624 175 697 ·²
244 624 392 722 'oculis‚
394 644 469 711 diiit
489 656 547 715 ete
589 644 672 708 Haec
692 666 762 706 eum
783 644 926 723 dixisset,
947 665 1021 706 voce
1041 664 1147 728 magna
1169 642 1323 706 clamavit.

152 782 157 789 =
256 752 388 830 Lauare,
409 753 478 815 ueni
504 753 596 816 foras,
638 752 696 813 Et
701 753 802 812 statim
821 689 957 835 prodiit,
980 751 1033 835 qui
1056 751 1157 811 fuerat
1174 759 1325 831 mortuus,

66 933 72 941 ἡ
131 930 169 941 ...
258 857 375 944 llgatud
394 859 488 944 pedes
501 871 539 921 et
566 864 672 921 manus'
685 861 814 934 institis,
842 870 873 919 et
897 856 989 919 facies
1010 857 1091 918 illius
1115 857 1240 920 sudario
1261 874 1326 924 erat

256 967 359 1052 ligata.
401 967 488 1027 Dixit
508 969 551 1029 eis
575 956 681 1028 Jesui.
670 962 817 1028 Soliite
839 987 930 1043 eum,
952 976 983 1026 et
1002 967 1091 1026 sinite
1113 964 1206 1027 abire

288 1088 444 1159 Item
464 1097 554 1157 XX..
586 1096 670 1158 Haeo
699 1116 770 1156 eum
795 1095 933 1175 dixisset,
970 1096 1153 1157 insufflavit:
1186 1106 1234 1164 et
1251 1095 1326 1159 dicit

117 1186 134 1195 Ν
261 1207 340 1275 eise
338 1203 483 1290 decipite
491 1198 647 1288 Spintum
662 1215 845 1266 sanetum..

343 1336 432 1401 Luc,
455 1334 591 1396 XXIV.
612 1333 738 1395 Eduxit
745 1345 845 1395 entem
864 1354 915 1395 eos
933 1333 1016 1394 foras
1036 1332 1069 1393 in
1088 1332 1277 1412 bethaniam,
1297 1346 1327 1397 et

258 1440 382 1522 eleuatis
398 1440 538 1519 manibus
560 1444 646 1518 suis,
665 1441 820 1513 benedixit
839 1443 892 1503 eis.
931 1470 940 1479 ·
993 1469 997 1476 ·

316 1549 454 1611 -Μιιιο,
482 1548 587 1623 Vite,
601 1549 643 1610 Et
678 1549 838 1621 adducunt
864 1551 892 1610 ei
920 1545 1057 1621 surdum,
1067 1558 1098 1607 et
1117 1560 1261 1629 mutum,
1297 1561 1327 1611 et

168 1710 173 1717 .
258 1630 504 1740 depreeabautur
520 1676 604 1733 enm,
624 1667 661 1715 ut
679 1658 817 1741 imponat
840 1655 884 1715 illi
903 1674 1033 1714 manum.
1056 1655 1123 1723 [Et
1152 1655 1324 1739 apprehen,-

259 1760 336 1843 dens
359 1782 429 1821 eum
454 1760 493 1823 de
512 1761 604 1821 turba
625 1782 782 1847 seorsum,
822 1764 902 1822 misit
924 1763 1033 1846 digitos
1052 1783 1122 1822 suos
1147 1766 1178 1822 in
1198 1767 1326 1824 auricu-

259 1867 304 1928 las
324 1869 435 1953 ejus·
432 1878 464 1927 et
483 1878 628 1951 exspuens
650 1870 750 1951 tetigit
770 1807 947 1952 linguam
920 1890 1008 1951 ejus.
1042 1881 1071 1930 et
1100 1872 1280 1987 suspiciens
1293 1872 1326 1931 in

260 1974 424 2052 eaelum,
416 1976 577 2059 ingemuit,
598 1985 628 2035 et
644 1975 688 2034 ait
701 1974 757 2034 illi
775 1987 839 2037 &ete
914 1990 916 1995 ·

343 2083 445 2143 Item
464 2080 567 2143 VIII..
593 2059 787 2144 Adducunt
792 2085 822 2145 ei
843 2105 987 2164 caecum,
1014 2098 1052 2146 et
1073 2083 1222 2171 rogabant
1242 2104 1322 2164 eum,

261 2200 300 2253 ut
315 2188 404 2251 illum
420 2199 566 2274 tangeret.
607 2188 650 2251 Et
674 2189 862 2274 apprehensa
883 2213 975 2254 manu
994 2196 1096 2271 caeci,
1128 2193 1232 2253 eduxit
1255 2213 1326 2253 enm

261 2299 481 2359 extraneum:
503 2308 535 2357 et
550 2317 696 2381 exspuens
724 2301 758 2359 in
777 2299 885 2360 oculos
906 2302 991 2381 ejus,
1002 2302 1162 2385 ,impositis
1176 2278 1325 2364 ‚manibus

259 2407 328 2466 suis
335 2405 562 2489 ,interrogavit
581 2425 686 2493 eum,
687 2404 713 2466 si
738 2405 814 2495 quid
838 2405 956 2469 videiet
975 2421 1032 2468 ete.
1074 2398 1221 2489 Deinde
1211 2418 1326 2485 uterum

259 2512 407 2596 imposuit
422 2533 528 2574 manus
545 2533 644 2597 super
654 2511 804 2611 oculos
776 2534 859 2595 ejus,
884 2527 914 2575 et
942 2517 1045 2598 coepit
1064 2514 1179 2581 videre
1297 2582 1300 2587 ,

344 2619 446 2680 Ibid.
473 2619 545 2685 X.='
566 2619 610 2680 Et
637 2592 826 2703 complexans
852 2642 922 2698 eos,
956 2634 987 2719 et
1016 2624 1174 2741 imponens
1201 2600 1325 2713 manus

258 2743 350 2808 super
371 2727 457 2805 illos,
480 2725 683 2789 benedicebat
704 2748 766 2788 eos.
970 2730 973 2735 ’

341 2831 478 2895 Matth.
506 2833 613 2903 VIII.-
641 2833 814 2896 Extendens
843 2834 929 2895 Jesus
949 2854 1087 2913 manum,
1122 2806 1223 2920 tetigit
1242 2812 1322 2916 enm,

121 2982 150 2991 ..
190 2958 192 2962 ’
258 2937 388 3001 dieensz·
404 2940 503 3018 Volo,
525 2940 683 3003 mundare.

339 3043 446 3110 Ibid.
464 3047 568 3109 xlv.=
559 3047 734 3133 ·Acceptis
755 3050 891 3131 quinque
912 3048 1043 3132 panibus
1066 3061 1095 3109 et
1113 3042 1262 3109 duobus
1256 3051 1337 3133 pis-⁶.

248 3152 366 3230 uibus,
396 3155 544 3239 aspiciens
578 3155 610 3214 in
645 3157 784 3235 eaelum,
813 3155 970 3219 benedixit
999 3169 1029 3220 et
1053 3158 1163 3242 fregit,
1185 3169 1217 3218 et
1234 3157 1331 3221 dedit'

257 3257 413 3344 discipulis
435 3282 548 3372 panes,
569 3263 711 3370 discipuli
731 3276 832 3355 autem
854 3263 962 3341 turbis.
1352 3262 1353 3266 ¹

337 3356 473 3428 Joann.
495 3369 570 3430 IVs
603 3356 664 3431 Sed
699 3373 783 3432 venit
810 3371 910 3451 hora,
940 3383 970 3434 et
991 3394 1072 3432 nune
1095 3383 1161 3449 est,
1195 3371 1319 3454 quando

256 3472 322 3532 veri
354 3472 530 3536 adoratores
567 3476 742 3551 adorabunt·
774 3491 889 3563 patrem
918 3481 951 3539 in
984 3480 1095 3560 spi1itu
1125 3491 1154 3537 et
1184 3481 1318 3541 veritate.

255 3575 333 3636 Nam
361 3592 392 3639 et
412 3593 500 3662 pater
520 3581 595 3644 tales
612 3587 748 3666 quaerit,
775 3609 828 3675 qui
818 3586 976 3647 adorent
997 3607 1074 3645 eum
1118 3586 1249 3693 Spiritus
1272 3598 1318 3649 est

253 3682 356 3760 Deus,
379 3697 410 3746 et
430 3707 499 3764 eos,
522 3689 575 3772 qui
596 3690 724 3753 adorant
743 3711 822 3810 enm,
844 3694 875 3753 in
892 3692 1006 3801 spiritu
1030 3690 1061 3801 et
1076 3688 1206 3802 'veritate
1220 3715 1323 3799 opor·

251 3798 297 3848 tet
317 3789 453 3852 ador.are

338 3898 478 3960 Matth.
506 3895 594 3966 XV..
634 3901 775 3990 Populus
798 3905 851 3968 hie
883 3902 972 3965 labiis
998 3926 1047 3967 me
1071 3903 1229 3983 honorat,
1261 3927 1316 3968 eor

252 4015 354 4066 autem
380 4026 487 4070 eorum
509 4006 671 4095 longeest
687 4033 704 4074 a
723 4033 781 4076 me

333 4110 440 4178 Esai
461 4115 504 4178 Ι.·
526 4118 736 4181 solemnitates
758 4130 873 4180 vestras
904 4115 1002 4183 0d1v1t
1014 4140 1112 4183 amma
1131 4141 1195 4182 mea
1202 4163 1211 4197 ‚
1236 4121 1318 4181 laeta

252 4231 324 4284 sunt
357 4216 431 4288 nihl
458 4214 610 4305 molesta,
599 4222 964 4350 ¹³¹³⁰E³J¹u⁸¹¹⁸t¹fi¹fi¹¹ik
997 4212 1128 4331 {29¹ss
1148 4226 1327 4293 extenden
