2790 4792
367 418 376 424 ἧ
437 279 831 394 sarri-sur
1083 331 1139 409 ar

155 509 189 586 ὲ.
230 509 842 578 AUGUSTINUStraet13.inJoan.=
901 510 1139 588 Quantumcun·
1148 519 1311 578 napnntu.
1352 550 1358 561 ·

69 623 134 685 que
158 602 396 671 catechumenus,
411 595 561 681 proficiat,
587 593 690 653 adhue
711 597 856 668 sarcinam
873 595 1044 678 iniqnitatis
1065 571 1258 656 sunem*

73 698 201 770 portat:
223 706 286 744 non
307 684 350 742 illi
372 683 542 756 dimittitur,
561 679 618 736 nisi
648 698 717 736 eum
746 682 862 741 venerit
881 681 921 739 ad
941 680 1138 763 baptismum.

161 782 192 838 a.
235 766 459 829 AMBROSIUS
483 767 515 825 in
537 762 592 822 lib.
609 761 648 820 de
665 763 712 831 iis,
732 763 785 843 qui
797 766 947 839 mysteriis
968 766 1141 842 initiantur,

76 878 105 916 c.
128 869 173 923 [μ
196 852 299 913 Credit
318 851 551 913 catechumenus
574 848 605 903 in
630 867 750 904 crucem
771 847 895 907 Domini
918 848 1004 926 lesu,
1028 868 1092 931 qua
1109 858 1142 909 et

82 943 147 1022 ipse
165 939 318 1020 signatum
346 936 399 996 sed
425 937 485 993 nisi
510 931 681 1010 baptizatus
715 929 806 990 fuerit
830 934 864 991 in
884 936 1007 994 nomae
1025 932 1141 1011 Patris,

78 1036 109 1083 et
131 1021 208 1097 Filii,
233 1032 263 1080 et
282 1019 415 1102 Spiritus
437 1019 545 1091 sancti,
563 1014 771 1073 remissionem
793 1035 856 1074 non
877 1028 979 1097 potest
999 1018 1142 1101 accipere

74 1117 279 1190 peecatorum,
299 1126 354 1163 nec
380 1099 528 1183 spiritalis
560 1099 672 1178 gratiae
693 1117 803 1157 munus
824 1096 956 1159 haurire.

156 1203 185 1255 5.
231 1186 424 1249 CLEMENS
447 1185 536 1262 epist.
566 1192 595 1247 4.
623 1180 661 1240 ad
681 1181 797 1240 lulium
823 1195 855 1240 et
875 1183 1046 1242 Julianuma
1070 1175 1313 1273 ‘tieem-'m

69 1275 203 1356 putetis,
227 1272 325 1354 quod,
342 1273 434 1329 etiam
454 1268 480 1325 si
503 1284 621 1325 omnem
641 1266 785 1347 pietatem
807 1265 932 1342 colatis,
964 1285 1142 1345 omnemque
1151 1274 1243 1315 tim·-

67 1359 230 1438 justitiam,
251 1357 440 1436 baptismum
457 1369 530 1407 vero
556 1368 618 1407 non
645 1348 813 1429 accipiatis,
837 1370 920 1430 spem
943 1348 1068 1431 possitis
1087 1346 1145 1406 ha·

68 1441 146 1501 bere
165 1439 252 1523 apud
272 1437 395 1495 Dauni:
418 1435 510 1491 immo
523 1433 635 1510 majori
654 1453 757 1512 poena
775 1431 859 1515 digni
874 1433 967 1507 critis,
987 1433 1042 1509 qui
1063 1429 1147 1490 bona

67 1545 170 1607 opera
189 1543 255 1581 non
270 1520 352 1576 bene
374 1518 491 1595 operati
514 1515 593 1574 estis.
638 1515 806 1575 Confertur
829 1517 909 1575 onim
928 1518 1069 1574 meritum
1085 1512 1147 1571 ho-

67 1610 152 1671 mini
173 1627 211 1664 ex
229 1601 323 1660 bonis
345 1602 444 1680 gestis,
469 1599 521 1658 sed
551 1601 577 1658 si
608 1602 649 1659 ita
676 1610 836 1682 gerantur,
868 1602 948 1660 sicut
965 1598 1074 1658 DEUS
1091 1599 1146 1678 ju·
1247 1644 1252 1653 .

68 1691 140 1750 bet.
182 1682 295 1755 DEUS
314 1695 411 1740 autem
428 1683 519 1763 jussit
537 1705 654 1743 omnem
669 1683 816 1744 colentem
838 1705 878 1760 se,
899 1684 1054 1766 baptismo
1068 1661 1322 1765 con-{2222

74 1770 206 1853 signari.
250 1765 342 1842 Quod
365 1768 460 1825 sivos
481 1769 709 1843 renuer·itis,1ut
732 1781 847 1828 vestrae
866 1769 1018 1828 voluntati
1039 1768 1142 1850 magis,
1153 1776 1189 1821 ’Ψ

72 1875 171 1936 quam
192 1850 266 1910 DEI
292 1848 513 1932 obtemperetis,
536 1852 680 1913 contrarii
700 1853 765 1912 sine
786 1852 883 1913 dubio
905 1865 935 1914 et
959 1853 1073 1912 inimici
1095 1871 1144 1911 es-

69 1942 114 2000 tis
138 1934 288 1995 voluntati
306 1935 382 2013 ejus.
425 1933 485 1994 Sed
505 1935 604 1995 dicitis
627 1924 773 1997 fortasse:
795 1937 881 2015 Quid
901 1937 1024 2002 confert
1044 1955 1143 2016 aquae

70 2022 248 2104 baptismus
282 2017 321 2077 ad
354 2017 426 2077 DEI
458 2018 593 2079 cultum?
634 2020 742 2080 Primo
760 2023 904 2103 quidem,
935 2023 1022 2105 quia,
1054 2019 1143 2102 quod

70 2104 163 2166 1)Εο
187 2102 313 2185 placuit,
336 2102 484 2184 impletur.
528 2105 681 2182 Secunde,
701 2107 774 2187 quia
797 2116 973 2191 regenerato
996 2125 1029 2164 ex
1053 2105 1142 2186 aquis

78 2200 110 2248 et
128 2187 213 2246 DEO
233 2199 350 2263 renato,
373 2187 517 2270 fragilitas
536 2191 650 2271 prioris
670 2192 845 2262 nativitatis,
872 2210 951 2272 quae
972 2188 1061 2258 vobis
1087 2186 1144 2270 p'er

76 2271 228 2357 hominem
243 2270 323 2329 facta
346 2274 400 2343 cst,
416 2284 600 2355 amputatur,
622 2275 711 2332 etita
736 2272 854 2333 demum
869 2276 1027 2355 pervenire
1052 2283 1144 2354 pote·

72 2357 144 2419 ritis
164 2355 203 2417 ad
233 2353 369 2413 salutem.
422 2353 522 2414 Aliter
542 2355 731 2437 impossibile
757 2370 811 2416 cst.
865 2358 917 2415 Sic
946 2357 1025 2419 enim
1053 2353 1144 2425 nobis

73 2461 148 2502 eum
167 2448 353 2500 sacramento
374 2458 463 2498 verus
486 2438 648 2519 Propheta
667 2450 793 2581 topatus
817 2453 871 2515 est,
894 2439 1016 2498 dicens:
1051 2435 1147 2495 limen
1156 2412 1226 2519 Ψ·
1240 2406 1261 2459 ³*
1276 2411 1302 2459 δ’

72 2545 162 2586 amen
195 2523 264 2583 dico
290 2521 394 2598 vobis,
422 2525 481 2581 nisi
514 2524 584 2602 quis
612 2522 694 2595 denu
742 2533 866 2582 renatus
890 2522 1046 2581 fueritex
1069 2538 1148 2602 aqua

70 2611 152 2684 viva,
175 2628 237 2667 non
258 2605 401 2667 introibit
424 2609 455 2663 in
476 2604 785 2686 regnumcaelorum.
830 2607 870 2667 Et
888 2606 958 2666 ideo
971 2603 1145 2667 accelerate.

72 2693 133 2754 Est
157 2690 286 2751 enimin
311 2691 396 2770 aquis
418 2691 476 2748 ista
500 2689 707 2751 misericordia
730 2695 796 2771 ejus
831 2691 990 2774 quaedam,
1013 2710 1091 2772 quae
1112 2707 1147 2748 ex

73 2778 170 2838 initio
188 2775 345 2842 ferebatur
363 2792 457 2853 super
475 2791 541 2837 east
564 2787 593 2835 et
619 2778 758 2857 agnoscit
782 2797 842 2854 eos,
876 2778 930 2860 qui
952 2775 1146 2858 baptizantur
1179 2788 1182 2796 ·

72 2860 138 2923 sub
162 2856 370 2941 appellatione
389 2856 515 2938 triplicis
538 2863 726 2936 sacramenti,
757 2872 786 2921 et
814 2863 906 2943 cripit
932 2882 984 2920 eos
1012 2863 1050 2919 de
1071 2879 1147 2940 sup-

71 2945 182 3031 pliciis
207 2942 328 3014 futuris,
352 2942 436 3020 quasi
454 2941 578 3003 -donnm
602 2944 759 3026 quoddam
779 2945 910 3006 offerens
926 2944 1014 3003 ΠΕΟ
1033 2946 1147 3003 animas

71 3051 136 3115 per
157 3025 343 3105 baptismum
367 3040 565 3088 consecratas.
639 3028 643 3035 ’

169 3106 334 3190 confugite
364 3128 434 3191 ergo
458 3111 496 3170 ad
517 3133 610 3193 aquas
640 3113 731 3173 istas:
760 3112 843 3173 solae
865 3123 936 3171 sunt
958 3115 1047 3184 enim,
1071 3128 1148 3190 quae

71 3194 202 3284 possint
215 3192 273 3250 vim
299 3190 398 3250 futuri
421 3195 498 3275 ignis
520 3197 702 3278 extinguere.
755 3196 805 3256 Ad
825 3216 901 3276 quas
928 3197 981 3276 qui
1007 3204 1149 3253 moratur

72 3278 236 3352 accedere,
257 3287 386 3349 constat,
408 3277 439 3333 in
459 3299 494 3335 co
512 3278 611 3338 adbuc
622 3278 807 3340 infidelitatis
826 3278 946 3345 idolum
963 3297 1148 3360 permanere,

77 3377 110 3426 et
127 3361 167 3424 ab
193 3363 259 3445 ipso
275 3357 438 3440 prohiberi
459 3360 497 3419 ad
519 3383 612 3442 aquas
623 3385 800 3446 properare,
823 3384 900 3445 quae
923 3363 1049 3425 salutem
1071 3382 1149 3421 con-

76 3450 194 3510 ferunt.
237 3445 306 3503 Sive
328 3445 407 3502 enim
427 3445 539 3523 justus,
564 3449 624 3507 sive
649 3450 690 3506 sit
705 3451 845 3524 iniustus,
860 3446 1030 3531 baptismus
1047 3448 1073 3507 ei
1094 3465 1159 3526 per.

76 3532 183 3594 omnia
207 3529 393 3588 necessarius
415 3540 475 3587 est:
511 3529 597 3588 Justo
626 3531 759 3611 quidem,
782 3544 818 3591 ut
840 3532 1041 3615 adimpleatur
1060 3535 1090 3590 in
1112 3550 1176 3618 eol,
1233 3575 1264 3616 1.,
1277 3579 1300 3613 st

75 3616 245 3703 perfectio,
265 3624 293 3672 et
316 3623 513 3696 regeneretur
526 3610 639 3673 DE02'
651 3617 867 3694 iniusto·'ver0,
889 3629 925 3678 ut
942 3627 1147 3702 peccatorum,
1159 3588 1250 3683 adlidi
1268 3635 1308 3663 ne-

76 3721 160 3785 quae
176 3698 433 3781 gessit‚'remissio
458 3697 655 3757 concedatur.
838 3728 841 3733 <
1158 3685 1296 3777 fiissidffdn.

164 3796 193 3850 6.
237 3781 464 3841 CONCILIUM
484 3783 623 3841 Lateran.
637 3804 712 3866 mag.
729 3783 785 3842 snb
808 3785 913 3844 Innoe.
935 3786 988 3844 III.
1012 3806 1075 3845 can.
1102 3797 1146 3849 1.:

76 3869 310 3931 Sacramentum
323 3865 475 3947 baptismi,
498 3866 583 3949 quod
597 3866 635 3926 ad
651 3869 873 3929 invocationem
891 3870 1063 3931 individuae
1077 3869 1148 3927 Tri-

75 3953 183 4014 nitatis
194 3961 389 4010 consecratur
400 3951 430 4008 in
449 3973 539 4033 aqua,
553 3965 613 4012 tam
629 3951 761 4034 parvulis
775 3953 987 4033 quamffadultis
1001 3957 1033 4014 in
1050 3953 1148 4012 forma

80 4035 236 4097 Ecclesiae
257 4054 473 4114 aquocunque
497 4039 556 4096 rite
572 4036 727 4110 collatum,
746 4034 871 4119 proficit
892 4037 1072 4098 adsalutem
1089 4048 1147 4095 etc.
1232 4095 1238 4106 ,
1304 4091 1309 4103 ,

162 4135 192 4190 r.
239 4117 466 4180 concretum
484 4120 584 4188 Milev.
604 4140 669 4180 caii.
691 4136 737 4188 a:
769 4123 845 4182 nem
866 4121 990 4206 placuit,
1015 4134 1051 4180 ut
1077 4094 1320 4202 scilliti-f·

1160 4205 1195 4237 m
1205 4196 1322 4244 peceatum

82 4223 198 4291 cunque
213 4200 373 4293 parrulos.
389 4215 525 4307 recentes
539 4205 579 4279 ab
597 4207 693 4269 uteris
710 4218 849 4287 matema,
869 4206 1073 4292 baptizandos
1093 4223 1150 4262 ne·
1161 4238 1286 4294 mm,
