2790 4792
226 327 306 398 100
361 294 365 299 “
413 315 548 385 „na
596 313 1069 396 sacnanrnnro·
1161 294 1174 386 ,’

309 505 397 591 Gen.
418 500 491 563 Νη
512 500 590 563 Abel
612 522 736 585 quoqne
758 500 871 563 obtulit
888 501 926 562 de
947 502 1156 584 primogenitis
1191 506 1285 588 gregis

227 612 274 673 sui
305 623 334 670 et
356 609 502 694 adipibus
524 631 654 685 eornma
682 621 713 670 et
736 610 866 691 respexit
895 609 1045 669 Dominus
1061 610 1111 669 'ad
1133 610 1236 689 Abel,
1256 624 1282 672 et

226 719 266 780 ad
286 738 409 778 munera
418 718 504 797 ejus.

310 810 410 907 Item
429 845 562 906 XVIII.
592 810 770 904 Aedificavit
799 854 898 904 antem
920 828 985 903 Noe
1012 842 1106 905 altare
1135 809 1279 906 Domino:

227 964 258 1015 et
283 952 394 1015 tollens
417 951 455 1012 de
490 954 604 1012 cunctIs
623 952 788 1036 pecoribus
812 962 841 1010 et
864 950 1040 1011 volucribus
1070 953 1208 1030 mnndiS,
1228 953 1278 1013 ob·

171 1038 173 1045 ⁴
226 1061 299 1120 tulit
328 1060 504 1120 holocausta
530 1040 623 1142 super
660 1058 774 1119 altare:
816 1057 1023 1138 odoratusque
1065 1069 1109 1118 cst
1137 1060 1278 1119 Dominus

172 1168 175 1173 ’
226 1167 353 1228 odorem
377 1167 540 1226 suavitatis.
634 1172 639 1181 “

209 1278 213 1289 ’
309 1299 362 1358 Et
381 1296 483 1356 XIV..
517 1292 559 1353 At
578 1310 653 1353 vero
674 1288 898 1353 Melchisedech
918 1313 969 1353 rex
988 1216 1107 1369 Salem,
1128 1239 1276 1376 prolerens

227 1427 335 1490 panem
362 1417 392 1464 et
411 1404 527 1478 vinum,
563 1401 734 1477 (eratenim
756 1399 898 1459 sacerdos
913 1401 970 1457 Dei
988 1400 1137 1475 altissimi)
1160 1400 1277 1460 benedi·

226 1517 270 1574 xit
297 1510 471 1586 Abrabam,
511 1519 542 1568 et
571 1510 640 1567 'aits
668 1506 851 1567 Benedictus
876 1503 1031 1565 Abraham
1060 1507 1129 1566 Deo
1162 1507 1275 1581 excelso,

228 1623 282 1702 qui
304 1621 417 1678 creavit
435 1615 550 1676 caelum
568 1625 597 1674 et
618 1626 729 1674 terram
744 1624 800 1673 etc.

309 1723 433 1788 Exod.
460 1722 547 1792 th:
578 1720 707 1800 Decime}
734 1719 784 1779 die
815 1720 924 1781 mensis
951 1712 1046 1800 hujus
1078 1719 1172 1782 tollat
1193 1742 1278 1782 unns·

227 1833 357 1914 quisque
394 1850 502 1921 agnum
520 1847 591 1925 per‘
612 1824 740 1916 familias
767 1837 797 1885 et
824 1827 931 1885 domos
966 1846 1043 1885 suas.
1098 1826 1167 1887 Erit
1192 1843 1280 1889 autem

229 1959 323 2020 agnus
359 1935 472 2016 absque
509 1929 644 2019 macula,
668 1931 851 2018 masculus,
874 1930 1046 1990 anniculus:
1081 1934 1168 2013 juxta
1198 1956 1279 2016 quem

227 2046 322 2104 ritum
356 2034 471 2101 tolletis
511 2049 541 2097 ct
578 2036 719 2100 hoedum.
771 2037 812 2095 Et
848 2037 1006 2098 servabitis
1032 2060 1102 2098 cum
1129 2038 1279 2122 usquead

228 2162 367 2233 quartam
398 2146 543 2206 decimam
562 2142 655 2201 diem
692 2145 798 2201 mensis
827 2143 938 2224 hujus:
970 2145 1197 2228 immolabitque
1218 2169 1278 2207 eum

227 2261 365 2319 universa
394 2252 557 2315 multitudo
582 2249 714 2310 filiorum
733 2249 824 2308 Israel
846 2251 885 2309 ad
899 2248 1063 2332 vesperam.
1107 2255 1150 2315 Et
1172 2265 1281 2315 sument

200 2367 264 2427 'de
290 2364 432 2447 sanguine
465 2363 552 2443 ejus,
585 2379 620 2421 ac
636 2369 754 2440 ponent
784 2377 876 2440 super
904 2371 1065 2438 utrumque
1088 2375 1228 2443 postem,
1256 2373 1281 2422 et

224 2475 257 2535 in
284 2465 562 2555 superliminaribus
585 2456 809 2555 domor'um‚
802 2487 832 2524 in
861 2464 970 2547 quibus
999 2468 1158 2528 comedent
1193 2470 1280 2530 illum.

224 2580 294 2640 Erit
318 2590 418 2639 autem
443 2576 575 2657 sanguis
590 2569 716 2630 vobis
708 2593 740 2630 in
763 2575 880 2655 signum
898 2578 930 2633 in
958 2574 1100 2652 aedibus,
1123 2577 1154 2634 in
1169 2576 1280 2658 (quibus

224 2688 325 2747 eritis.
358 2696 388 2744 et
425 2680 547 2740 videbo
564 2679 757 2761 sanguinem,
789 2691 819 2739 et
837 2682 972 2741 transibo
993 2703 1065 2742 vos·
1097 2703 1154 2744 nee
1176 2686 1234 2742 crit
1253 2685 1281 2742 in

221 2792 308 2853 vobis
330 2790 417 2873 plaga
438 2787 639 2869 disperdens,
664 2785 788 2864 quando
807 2808 985 2868 percussero
1007 2802 1120 2848 terram
1145 2790 1280 2874 Aegypti.

304 2893 460 2959 Daniel.
481 2893 576 2952 XII:
598 2891 640 2949 Et
666 2911 683 2950 a
709 2905 845 2974 tempore
868 2917 936 2954 cum
956 2895 1090 2955 ablatum
1118 2897 1214 2958 fuerit
1231 2900 1281 2979 ju·

222 3027 259 3089 ge
276 3000 473 3075 sacrificium,
499 3009 538 3057 et
556 2998 655 3078 posita
676 2997 768 3057 fuerit
797 2999 980 3065 abominatio
1004 3005 1037 3062 in
1051 3004 1278 3064 desolationem

135 3112 138 3117 ’
221 3112 285 3171 dies
305 3109 386 3169 mille
408 3107 530 3167 ducenti
554 3105 727 3186 nonaginta.

303 3216 355 3279 Et
376 3215 449 3277 lx.-
477 3209 520 3274 Et
536 3223 607 3295 post
628 3209 833 3271 hebdomadas
857 3217 1008 3298 sexaginta
1028 3215 1102 3276 duas
1121 3217 1276 3279 occidetur
1297 3264 1298 3267 ι

221 3304 416 3386 CHRISTUS
446 3335 501 3382 etc.
549 3317 746 3380 Confirmavit
770 3333 869 3381 autem
888 3335 1011 3404 pactum
1028 3324 1129 3383 multis
1158 3323 1275 3385 hebdo-

220 3432 308 3492 mada
327 3450 408 3499 una:
431 3441 461 3488 et
484 3429 515 3487 in
535 3425 661 3487 dimidio
689 3425 885 3488 hebdomadis
915 3427 1036 3489 deficiet
1056 3428 1157 3492 hostia
1181 3444 1211 3493 et
1229 3451 1274 3489 sa·
1312 3414 1316 3423 ¹

220 3536 387 3599 orificium:
410 3546 439 3594 et
460 3536 516 3594 erit
533 3536 564 3594 in
580 3520 693 3616 templo
717 3534 901 3596 abominatio
929 3534 1144 3596 desolationis:
1178 3549 1209 3598 et
1227 3556 1276 3595 usa

220 3666 282 3728 que
305 3644 347 3714 ad
373 3641 656 3729 consummationem
684 3649 726 3707 et„
739 3639 829 3702 finem
849 3641 1056 3724 perseverabit
1080 3642 1235 3703 desolatio.

300 3730 441 3810 Psalm.
477 3746 576 3807 ClX.e
595 3744 598 3749 ’
619 3744 738 3809 Iuravit
757 3749 927 3827 Dominus,
964 3760 994 3807 et
1022 3769 1085 3808 non
1109 3727 1293 3837 poenitebit*

218 3858 303 3920 eum:
351 3871 387 3919 tn
425 3877 454 3917 cs
496 3853 636 3914 sacerdos
669 3854 700 3913 in
735 3866 889 3915 aeternum
931 3856 1096 3915 secundum
1140 3856 1273 3917 ordinem

216 3962 450 4028 Melchisedech.

298 4066 722 4146 Hebr.V11.:Hteeaim
744 4065 970 4130 Melchisedech
990 4089 1037 4129 res
1032 3995 1159 4130 Salem
1177 4089 1275 4130 sacer·

216 4175 272 4239 dos
292 4176 352 4243 Dei
369 4177 490 4254 summi,
513 4176 566 4258 qui
580 4175 726 4237 obviavit
748 4171 892 4239 Abrabae
909 4197 1046 4262 regresso
1072 4175 1229 4239 aceede
1230 4196 1278 4237 re*
