2782 4786
228 315 311 388 48ss
476 309 556 373 nrt
594 306 1058 431 sape-nartssrt't'o
1115 355 1158 407 ·.

163 540 167 549 .
231 495 269 554 -in
287 497 436 577 praesenti
458 496 615 559 studiosos
633 493 980 561 lectores'remittimnss
1001 490 1071 552 boo
1100 487 1313 552 unumadmo·

239 591 354 655 nentes,
376 600 414 638 ne
437 582 511 641 novi
533 579 655 660 quidem
677 581 849 639 testamenti
870 577 1002 662 legibus,¹¹
1017 586 1120 656 qnae'
1142 573 1187 634 ad
1209 595 1308 658 suscep·

239 663 354 726 tionem
376 663 545 723 liberorum
566 665 741 745 pertinent,
769 665 892 723 omnino
919 659 1092 742 interdici,
1133 660 1192 718 sed
1215 659 1296 719 inhoc

159 756 161 761 ’
241 766 367 829 quoque
389 748 424 806 iis
446 759 657 824 consentanea,
683 746 761 828 quae
786 747 825 807 de
848 742 959 829 ¹priscis
991 744 1059 804 illis
1097 745 1216 803 sanctis
1245 745 1292 803 ritis

66 830 168 904 adamo.
182 850 230 891 sn·
242 841 465 906 memorantur,
496 832 635 892 instituta
661 830 778 892 haberi.
805 829 960 913 &Oportet
978 831 1091 904 enim,
1131 829 1209 889 dicit
1229 847 1297 887 semo

64 895 205 1000 {liicipfip
233 908 393 990 Divinus,
422 916 599 998 episcopum
619 916 711 983 unius
732 915 836 975 uxoris
864 916 959 974 virum
991 932 1073 972 esse.
1122 911 1304 972 Veruntamen

67 994 220 1032 ⁰⁰³²¹¹¹⁸¹²²¹⁸·
243 1020 307 1074 eos,
332 1000 385 1077 qui
406 1002 515 1061 sacrati
536 1000 606 1074 sint,
623 1010 721 1080 atque
742 1000 774 1057 in
786 998 844 1058 Dei
865 999 1033 1058 ministerio
1064 995 1219 1078 cultuque
1233 1017 1306 1055 occu·
1340 1062 1344 1069 ,

243 1085 319 1167 pati,
343 1085 501 1143 continere
529 1082 672 1165 deinceps
688 1102 721 1142 se
742 1083 827 1164 ipsos
845 1083 867 1140 a'
885 1080 1076 1142 commercio
1097 1084 1204 1141 uxoris
1221 1081 1304 1142 decet:
1348 1106 1350 1151 ς

245 1169 298 1251 qui
323 1178 501 1227 autemnon
523 1166 701 1228 adtentum
734 1169 880 1247 assumpti
906 1167 973 1226 'sint
1007 1166 1182 1225 sacerdotii
1206 1186 1308 1242 munus,

66 1254 282 1312 morarianorfis
303 1251 390 1311 idem
404 1272 506 1312 sermo
531 1250 654 1311 divinus
676 1248 824 1334 indulget.
905 1280 908 1287 ·
962 1276 969 1288 ·

9 1336 13 1349 '
329 1349 359 1404 9.
400 1336 514 1396 APUD.
534 1336 714 1396 Gratianum
735 1334 929 1394 distinctione
950 1345 992 1399 28
1005 1342 1175 1414 sequentes
1196 1349 1309 1389 canones

53 1436 220 1496 >manaturum
237 1430 277 1481 -et
295 1420 419 1481 decreta
436 1422 569 1480 citantur
592 1418 736 1502 Gregorii
761 1431 792 1478 et
814 1429 1016 1477 caeterorum.

66 1487 224 1576 sartura.
329 1503 568 1564 oaneonrus
589 1504 716 1586 Magnus
739 1504 770 1560 n
784 1501 915 1585 apr-stoa
932 1501 971 1560 aa
998 1499 1132 1560 renam
1154 1497 1310 1559 sandraca

67 1585 203 1676 ffltifflnil·
245 1594 334 1648 numi
367 1588 490 1649 Nullum
507 1588 608 1647 facere
619 1585 849 1646 subdiaconum
866 1597 1068 1668 praesumant
1084 1583 1242 1667 Episcopi,
1262 1582 1308 1641 nisi

247 1674 355 1754 quise
377 1684 458 1732 caste
483 1673 635 1733 victurum
666 1672 855 1752 promiserit,
878 1671 951 1751 quia
981 1669 1091 1728 nullus
1126 1669 1166 1728 ad
1190 1669 1307 1726 ministe-

152 1775 154 1785 ’
246 1762 325 1816 rium
349 1755 454 1816 altaris
475 1756 620 1817 accedere
641 1754 742 1831 debet,
759 1756 817 1813 nisi
840 1755 929 1835 cujus
953 1757 1081 1814 castitas
1098 1764 1307 1842 antesuscep*

244 1854 312 1903 tum
331 1836 531 1900 ministerium
548 1834 645 1899 fuerit
665 1837 844 1921 approbata.

328 1923 604 1984 INNOCENTIUS
624 1924 682 1982 11.=
722 1924 931 1993 DecernimuS,
952 1932 993 1980 nt
1011 1918 1052 1997 bi,
1080 1921 1134 2001 qui
1158 1921 1189 1977 iu
1210 1918 1309 1978 ordine

243 2000 489 2075 Subdiaeonatus
504 2019 534 2064 et
554 2025 648 2088 supra
658 2026 770 2066 uxores
782 2002 934 2078 duxerint,
948 2015 1003 2063 aut
1016 2003 1198 2063 conmrbinas
1207 2002 1307 2058 babu-

243 2089 334 2163 erint,
347 2087 448 2147 officio
461 2101 551 2169 atque
573 2087 950 2155 ecclesiastieobeneficio
965 2099 1086 2147 careant
1130 2085 1202 2141 Cum
1219 2087 1296 2140 enim

243 2171 303 2253 ipsi
325 2172 471 2253 templum
483 2185 521 2232 et
533 2191 603 2232 vasa
614 2170 741 2232 Domini
762 2185 793 2233 et
808 2175 976 2234 sacrarium
990 2171 1110 2252 Spiritus
1126 2167 1219 2225 sancti
1240 2165 1294 2224 de·

244 2253 339 2315 beant
359 2276 421 2316 csse
442 2268 472 2316 ct
495 2256 567 2332 diei,
588 2256 746 2342 indiguum
769 2268 824 2333 est,
844 2276 897 2317 eos
919 2254 1069 2315 cubilibus
1088 2263 1117 2311 et
1135 2248 1295 2309 immundi-

47 2337 211 2428 ι’Τῐῶὺοοΐιῐιιψ
245 2341 296 2400 tiis
317 2339 480 2402 deservire.
644 2391 646 2397 .
687 2374 712 2393 -.
770 2374 773 2381 ·

4 2434 8 2443 ’
65 2400 233 2499 erasniiilff‘
330 2424 557 2485 CONCILIUM
566 2424 795 2492 Toletanumsa
817 2423 950 2500 Quando
959 2419 1132 2496 Presbyteri
1140 2432 1170 2479 et
1180 2418 1310 2478 Diaconi

65 2489 235 2578 ἱζῗηῖξῠῖζῗο·
245 2529 302 2590 per
312 2508 470 2591 parochias
480 2512 720 2586 constituuntur,
735 2522 860 2591 oportet
869 2529 918 2568 eos
929 2508 1151 2592 professionem
1160 2524 1216 2563 suo
1231 2505 1313 2584 epis·

66 2549 456 2676 Effigffssfflfeopojfacera,
469 2607 604 2673 utcaste
617 2606 736 2678 etpnre
754 2595 855 2652 vivant
874 2592 931 2652 sub
953 2593 1068 2650 timore
1084 2590 1157 2648 Dei:
1175 2600 1220 2663 nt,
1241 2587 1314 2646 dum

67 2683 155 2723 ”⁰⁰²ifl·
245 2697 297 2735 eos
315 2676 384 2737 talis
404 2672 556 2758 professio
578 2677 705 2760 obligat,
724 2679 803 2738 vitae
815 2688 936 2736 sanctae
956 2673 1153 2757 disciplinam
1165 2676 1315 2732 retineant

67 2729 234 2821 {dillibiia
328 2760 555 2823 CONCILIUM
569 2760 750 2822 Toletanum
769 2763 827 2820 11.:
870 2761 918 2819 De
937 2758 998 2835 his,
1008 2781 1098 2840 quos
1113 2758 1251 2820 voluntas
1263 2776 1312 2841 pa·

65 2830 116 2913 tan.
130 2840 208 2874 ⁰2²¹·
245 2853 364 2902 rentum
386 2864 402 2902 a
422 2846 528 2925 primis
548 2845 694 2906 infantiae
714 2847 800 2905 annis
822 2845 981 2904 clericatus
998 2843 1109 2910 officio
1131 2845 1313 2924 mancipare·

242 2927 293 3002 rit,
316 2926 348 2985 id
368 2931 525 2987 statuimus
547 2929 782 3003 observandum,
803 2928 841 2988 ut
858 2948 925 2987 mor
947 2928 1091 3000 detonsi,
1116 2926 1163 2986 vel
1186 2928 1310 2984 ministe-

241 3011 290 3070 rio
312 3007 462 3073 lectorum
475 3012 587 3088 traditi,
609 3016 642 3071 in
656 3013 747 3072 domo
768 3013 922 3072 Ecclesiae
948 3011 1007 3071 sub
1020 3011 1212 3093 Episcopali
1235 3031 1307 3089 prae·

241 3095 336 3154 sentia
363 3115 380 3154 a
408 3099 582 3178 praeposito
606 3096 665 3157 sibi
688 3097 819 3157 debeant
848 3097 973 3156 erudiri.
1017 3095 1061 3154 At
1093 3095 1153 3154 ubi
1181 3109 1306 3156 octavum

242 3177 392 3238 decimum
424 3183 527 3240 aetatis
567 3202 638 3241 suae
680 3181 898 3263 compleverint
928 3200 1050 3253 annum,
1085 3200 1197 3239 coram
1230 3182 1305 3240 totim

243 3261 316 3318 cleri
335 3262 497 3344 plebisque
516 3276 683 3347 conspeetu
704 3266 840 3326 voluntas
862 3285 967 3323 eorum
989 3263 1027 3321 de
1048 3265 1230 3345 expetendo
1247 3284 1307 3324 con·

243 3341 330 3426 jngio
350 3344 390 3404 ab
413 3347 568 3429 Episcopo
593 3362 820 3429 perscrutetur:
850 3348 961 3427 quibus
995 3349 1021 3405 si
1047 3350 1151 3429 gratia
1176 3349 1306 3409 castitatis

66 3425 226 3466 ⁰⁸⁸i¹m⁰¹¹¹⁸0
243 3429 311 3487 Deo
338 3431 502 3510 inspirante
524 3432 691 3512 placuerit,
722 3444 753 3492 et
774 3433 998 3512 promissionem
1021 3433 1232 3492 castimoniae
1249 3451 1307 3492 suae

63 3474 319 3591 llii‘sslssssimhsq
383 3514 538 3596 conjugali
562 3517 737 3575 necessitate
765 3536 830 3574 sese
861 3514 1090 3597 spoponderint
1121 3531 1306 3577 servaturos:

60 3573 221 3662 illfflffffl'
244 3594 276 3651 bi
298 3607 328 3654 ta
353 3618 442 3676 quam
465 3600 649 3679 appetitores
679 3601 861 3659 arctissimae
893 3604 976 3674 viae,
1012 3597 1177 3662 levissimo
1200 3600 1306 3662 Domini

239 3678 315 3759 jugo
339 3681 525 3757 subdanture
549 3703 583 3742 ac
600 3686 730 3763 prinum
751 3683 939 3742 subdiaconi
961 3684 1199 3760 ministerium,'
1218 3687 1305 3746 habita

238 3761 421 3842 probatione
450 3767 651 3846 professionis
682 3787 772 3842 suae,
803 3788 820 3826 a
852 3770 991 3826 uicesimo
1014 3787 1098 3826 anno
1134 3775 1302 3855 suscipiant

238 3846 335 3921 Quod
355 3850 380 3908 si
393 3849 620 3931 inculpabiliter
633 3871 667 3908 ac
685 3849 829 3910 inoffense
847 3853 1104 3933 vigintiquinque
1121 3875 1230 3916 annos
1249 3874 1306 3939 per·

200 3969 202 3973 -
239 3934 376 4010 egerint,
420 3934 622 3993 ad.Diaconi
648 3933 779 3994 officium
817 3938 855 4010 (si
893 3935 1057 4018 adimplere
1089 3936 1122 3995 id
1156 3961 1253 4021 posse
1276 3936 1306 3996 ab

232 4009 394 4095 'Episcopo
417 4017 603 4099 probantur)
625 4020 944 4100 promoveri‘debent.
987 4020 1172 4082 Cavendum
1198 4039 1243 4085 est
1267 4035 1308 4082 ta·

237 4109 305 4150 rnen
326 4095 383 4172 lais,
405 4121 443 4159 ne
465 4102 589 4182 quando
613 4122 684 4162 suae
708 4104 880 4184 sponsionis
902 4106 1103 4179 immemorata,
1117 4110 1231 4169 autad
1254 4121 1309 4168 ter·

236 4193 323 4234 renas
345 4186 475 4261 nuptias,
501 4199 554 4247 aut
567 4173 614 4248 'ad
635 4179 767 4247 furtivos
789 4188 974 4247 concubitus
993 4186 1077 4248 ultro
1112 4203 1307 4255 concurrant
