2790 4792
234 341 315 425 am
464 286 1071 409 ¹nussoasunuuo

236 536 298 600 qun
314 515 439 599 dictum
470 529 531 579 esta
559 516 674 579 Omnes
703 519 782 578 enim
804 518 995 579 adstabimus
1015 529 1075 581 etc.
1087 561 1100 598 ,
1123 521 1204 602 quia
1224 528 1300 585 etiae

234 603 297 665 boc
316 606 460 664 meritum
475 604 537 663 sibi
560 605 704 685 quisque,
724 625 794 663 cum
818 607 997 686 incorpore
1018 606 1160 681 viveret,
1190 629 1300 692 eompa-

234 691 332 763 ravit,
351 700 388 747 ut
408 689 435 747 ei
454 699 580 770 possent
600 688 656 747 ista
676 687 830 771 prodesse.
873 687 944 746 Non
965 689 1045 747 enim
1065 690 1220 751 omnibus
1258 716 1301 752 ro·

235 784 316 834 sunt.
359 770 401 833 Et
433 793 526 853 quare
551 790 614 832 non
640 770 781 833 omnibus
798 784 951 855 prosunt,
982 772 1040 831 nisi
1065 776 1207 858 propter
1231 715 1302 836 dt·-

236 859 363 918 rentiam
383 858 480 933 vitae,
503 876 594 938 quam
616 858 748 938 quisque
769 859 860 940 gessit
883 859 914 915 in
935 858 1095 939 corporei
1141 860 1301 946 Cnm'erpo

237 939 409 1018 sacrificiu,
435 943 498 1001 sive
527 942 647 1016 altaris,
670 943 733 1000 sive
759 961 1012 1022 quarumcunque
1051 940 1303 1021 eleemosynarum

237 1049 297 1113 pro
321 1024 480 1108 baptizatis
504 1024 655 1085 defunctis
675 1024 817 1087 omnibus
841 1026 1034 1100 offeruntur„
1059 1045 1123 1107 pro
1144 1030 1238 1097 valde
1254 1030 1303 1093 bo·

237 1102 286 1172 nis¹
311 1100 476 1193 gratiarnm
499 1111 633 1168 actiones
656 1121 748 1169 sunta
773 1130 831 1191 pro
849 1130 912 1170 non
933 1109 1020 1169 valde
1043 1109 1133 1171 malis
1160 1118 1304 1198 propitia-

237 1199 338 1257 tiones
357 1206 446 1255 suntt
468 1214 527 1275 pro
548 1192 635 1253 valde
653 1194 738 1252 malis
764 1195 820 1252 etsi
839 1193 921 1254 nulla
945 1205 1015 1252 sunt
1028 1192 1217 1275 adjdmenta
1229 1220 1303 1273 mor·

238 1294 389 1354 tuorum,
425 1278 653 1359 qualescunque
683 1280 821 1337 vivorum
853 1277 1080 1339 consolationes
1106 1293 1195 1342 sunt.
1238 1285 1305 1360 Qni-

238 1365 299 1427 bus
322 1375 422 1441 antem
442 1374 591 1445 prosunt,
615 1373 670 1422 aut
693 1361 811 1421 adhoc
834 1373 986 1446 prosunt,
1021 1374 1058 1423 ut
1082 1365 1127 1424 sit
1151 1367 1243 1448 plena
1265 1390 1306 1428 re·

239 1452 365 1526 missio,
386 1459 439 1509 aut
462 1460 547 1508 certe
558 1445 752 1529 tolerabilior
768 1444 823 1506 fiat
843 1450 908 1530 ipsa
924 1447 1089 1523 damnatio.
1134 1450 1220 1510 Haec
1238 1452 1304 1513 ibid.

239 1534 356 1594 Eadem
386 1535 476 1593 etiam
496 1531 572 1592 baec
598 1530 691 1591 verba
724 1532 826 1590 omnia
858 1542 887 1591 et
919 1531 1025 1590 eodem
1043 1532 1142 1593 modo
1166 1537 1256 1613 citat,
1281 1548 1305 1596 ct

240 1618 312 1679 hinc
347 1637 380 1677 se
418 1637 454 1676 ea
483 1618 686 1700 desumpsisse
710 1614 854 1690 affirmat,
889 1614 970 1674 libro
1002 1616 1041 1675 de
1071 1630 1147 1678 octo
1183 1620 1304 1684 Dulcitii

241 1702 496 1783 quaestionibus,
522 1703 700 1782 quaestione
720 1699 862 1759 secunda.
908 1700 1008 1760 Habet
1026 1702 1142 1764 similia
1163 1703 1246 1767 libro
1266 1707 1307 1766 ti·

241 1789 354 1873 gesimo
387 1788 489 1869 primo
515 1785 553 1846 de
576 1787 696 1853 civitate
718 1785 778 1845 Dei
802 1805 869 1866 cap.
896 1797 957 1853 24¹¹

331 1929 361 1980 2.
403 1911 514 1973 BEDA
535 1910 700 1996 presbyter
721 1917 754 1975 iu
784 1936 853 1998 cap.
881 1927 929 1983 11.
957 1915 1212 1997 proverbiorum
1240 1918 1305 1979 No-

241 1996 369 2083 tandum
394 2009 516 2071 autem,
547 1995 642 2079 quod..
662 1998 718 2057 etsi
748 2001 849 2080 impiis
875 2011 945 2080 post
969 2013 1107 2083 mortem·
1121 2024 1185 2085 spes
1204 2005 1302 2062 veniae

77 2101 305 2160 suorumve-nou
324 2092 386 2140 est:
408 2090 611 2163 sunttamen,
636 2083 689 2161 qui
715 2079 753 2141 de
774 2082 941 2142 levioribus
964 2088 1115 2167 peccatis,
1147 2106 1211 2144 cum
1271 2087 1296 2132 '-

67 2144 220 2248 lillibils‘i
244 2163 304 2229 bus
338 2164 467 2251 obligati
500 2162 638 2225 defuncti
657 2176 750 2241 sunt,
786 2178 860 2248 post
880 2107 1301 2253 m01·temp0smtms‹dua=

66 2249 294 2339 fflfffigvel
317 2254 425 2336 poenis
449 2249 593 2309 videlicet
607 2250 762 2333 castigati,
779 2251 826 2311 vel
838 2270 964 2312 suorum
983 2254 1149 2337 precibus,
1178 2254 1306 2314 elecmo-

69 2345 230 2388 ⁸b⁸0¹v²¹¹¹²¹¹¹·
246 2339 348 2414 syrtis,
369 2338 533 2398 Missurum
548 2332 805 2399 celebrationibus
829 2335 977 2397 absoluti:
1005 2340 1062 2398 sed
1083 2339 1163 2401 baec
1181 2339 1308 2422 quibus·

245 2443 367 2507 cunque
383 2420 481 2511 fiunt,
501 2432 531 2481 et
549 2431 621 2511 ante
633 2419 798 2501 judicium,
815 2434 845 2482 et
863 2421 901 2482 de
917 2421 1086 2484 levioribus
1097 2422 1182 2497 fiunt
1197 2425 1307 2491 errans.

70 2574 233 2620 missami-
327 2566 359 2623 ὅ.
399 2549 658 2615 AUGUSTINUS
676 2552 708 2613 in
728 2550 838 2613 Psalm.
863 2565 940 2621 aba
961 2552 1112 2631 Domine,
1151 2575 1191 2616 ne
1212 2555 1244 2615 in
1264 2553 1309 2613 in·

244 2638 421 2721 dignatione
439 2649 493 2696 tua
516 2656 624 2716 arguas
648 2655 696 2694 me
715 2647 772 2695 etc.
814 2635 885 2697 Non
901 2638 956 2696 sim
974 2638 1056 2696 inter
1079 2638 1171 2716 illos,
1202 2638 1308 2727 quibus

244 2722 383 2781 dicturus
411 2739 463 2780 es:
500 2720 546 2777 Ite
578 2721 610 2777 in
637 2720 737 2800 ignem
774 2733 937 2780 aeternum.
1000 2721 1110 2802 Neque
1139 2720 1174 2782 iu¹
1200 2726 1308 2784 iratus

243 2805 383 2865 emendes
406 2822 474 2877 me,
515 2814 549 2862 nt
564 2804 596 2861 in
619 2800 678 2862 hac
693 2804 754 2862 vita
771 2825 883 2886 purges
905 2826 970 2880 me,
995 2817 1025 2865 et
1044 2807 1142 2866 talem
1167 2829 1215 2868 me
1241 2807 1307 2866 red·

72 2888 233 2980 fflffl‘*
245 2890 319 2964 das,
341 2890 390 2947 cui
407 2888 469 2969 jam
490 2886 694 2946 emendatorio
714 2888 783 2969 igne
808 2908 868 2947 uon
881 2902 968 2972 'opus
986 2891 1047 2973 sit,
1078 2904 1215 2975 propter
1234 2891 1305 2967 illos,

74 2972 391 3056 1.oor.3115·quisalvi
414 2983 520 3047 erunt,
549 2971 592 3030 sic
613 2982 713 3030 tamen
749 2973 837 3050 quasi
855 2994 912 3054 per
944 2975 1051 3032 inem.
1097 2976 1227 3054 Quare,
1257 2974 1304 3035 nisi

231 3060 318 3141 'qnia
338 3057 390 3118 hic
408 3052 573 3123 aedificant
592 3074 686 3137 supra
702 3054 930 3117 fundamentmn
956 2996 1062 3138 ligna,
1088 3058 1240 3137 foenum,
1261 3060 1304 3119 sai.

244 3141 368 3229 pulaml
414 3141 448 3201 si
481 3136 677 3205 aedificarent
701 3149 802 3199 autem
826 3160 950 3217 aurum,
986 3155 1168 3224 argentum,
1196 3143 1305 3226 lapides

188 3278 192 3289 ,
245 3232 415 3312 pretiosost
441 3235 471 3285 et
489 3225 536 3285 de
552 3237 688 3305 utroque
708 3225 778 3304 igue
796 3228 898 3285 securi
918 3237 1033 3302 essent,
1063 3247 1128 3287 uon
1157 3229 1258 3289 solum
1273 3227 1305 3289 dt

249 3312 304 3372 illo
322 3323 470 3384 aeterno,
512 3310 565 3391 qui
591 3309 623 3366 in
644 3319 800 3367 aeternum
824 3312 1017 3371 cruciaturus
1038 3321 1084 3370 est
1103 3313 1240 3394 impios:
1261 3309 1306 3371 sed

246 3399 334 3459 etiam
343 3395 389 3457 *de
410 3393 485 3470 illo,
505 3394 557 3475 qui
573 3389 745 3453 emendabit
757 3414 827 3467 eos,
853 3394 911 3476 qui,
925 3415 982 3478 per
995 3396 1094 3477 ignem
1106 3396 1185 3456 salvi
1216 3406 1305 3458 eruut

245 3484 370 3543 Dicitur
389 3485 486 3543 enim:
500 3520 502 3525 -
514 3479 584 3560 Ipse
605 3489 705 3537 autem
724 3476 823 3538 salvus
846 3481 924 3553 erit,
959 3479 1003 3538 sic
1020 3490 1121 3538 tamen
1151 3483 1243 3562 quasi
1260 3497 1306 3564 pet

72 3579 223 3632 omnnrg·
246 3569 355 3651 ignem.
397 3563 439 3622 Et
460 3563 534 3641 quia
556 3561 693 3621 dicitnr:
726 3562 826 3623 salvus
857 3564 935 3639 erit,
969 3566 1177 3624 contemnitur
1195 3565 1251 3625 ille
1268 3568 1307 3647 ig·

72 3635 224 3729 'fiuaffl'
247 3654 303 3711 nis.
321 3650 389 3710 ·1ta
407 3645 496 3731 plane
515 3649 651 3727 quamvis
670 3644 743 3711 salvi
761 3664 818 3728 per
842 3649 959 3730 ignem,
986 3650 1107 3730 gravior
1122 3660 1230 3711 tamen
1257 3650 1308 3711 erit

246 3734 299 3796 ille
322 3734 417 3818 ignis,
443 3750 537 3812 qnam
546 3729 699 3812 quidquid
713 3743 821 3815 ,potest
841 3730 933 3793 homo
946 3732 1010 3813 pati
1030 3730 1137 3793 iubae
1156 3736 1232 3800 vita.
1272 3732 1308 3794 Et

245 3821 357 3895 nostis,
381 3827 494 3898 quanta
519 3813 571 3875 bic
591 3811 672 3897 passi
689 3828 761 3878 sunt
775 3816 860 3892 mali,
896 3830 926 3877 et
945 3829 1059 3895 quanta
1079 3832 1215 3898 possunt
1239 3817 1307 3903 pati,

245 3917 346 3965 tamen
375 3912 464 3969 tanta
493 3900 573 3982 passi
608 3910 702 3974 sunt,
733 3913 846 3982 quanta
871 3912 1039 3982 potuerunt
1067 3903 1133 3983 pati
1160 3916 1194 3964 et
1222 3900 1307 3967 bani.

247 3988 333 4063 Quid
359 3986 437 4047 enim
467 3988 597 4068 quisque
629 3981 800 4062 maleficus,
829 3984 929 4062 latro,
958 3983 1103 4061 adulter,
1132 3987 1308 4061 sceleratus,

151 4088 153 4099 ¹
246 4071 406 4155 sacrilegus
432 4070 561 4152 pertulit
586 4067 726 4152 legibus,
767 4067 853 4151 quod
884 4089 946 4129 non
976 4069 1106 4153 pertulit
1133 4084 1256 4147 martyr
1277 4073 1309 4130 iu

247 4155 437 4217 consessione
455 4152 586 4213 Chi-istit
628 4153 690 4213 lsta
706 4173 802 4236 ergo,
822 4172 901 4233 quae
919 4153 971 4213 hic
988 4165 1059 4214 sunt
1075 4153 1154 4234 mala
1164 4199 1174 4233 ,
1213 4155 1309 4216 multo

133 4282 136 4289 .
248 4239 386 4311 mmm
404 4247 500 4317 aaut,
525 4247 558 4301 et
568 4272 572 4280 ·
584 4248 684 4307 umen
698 4236 827 4317 uidete,
844 4236 1100 4323 quenadmodum.
1112 4239 1312 4309 ea..bom'mea
