2790 4792
235 355 287 422 aa
472 340 553 402 uu
603 335 1064 404 sacramurro

239 530 365 602 riarum,
395 521 558 595 habentem
578 523 610 583 in
635 543 668 586 se
695 521 808 589 affatim
835 523 979 587 odoratas
1010 524 1182 608 qualitates,
1213 527 1295 607 cnjus

241 615 297 696 qui
317 610 481 695 participes
508 617 593 684 sunt,
626 629 686 692 pro
718 609 884 691 quantitate
906 611 992 690 ejus,
1023 631 1090 693 quae
1120 611 1151 669 in
1173 607 1234 671 illia
1254 609 1294 689 fit,

70 695 403 780 certamnen-fragrantis
429 693 689 776 participationis,
722 692 834 754 odoris'
859 697 1005 753 suavitate
1036 693 1201 777 replentur.
1241 695 1297 754 Nee

68 765 211 872 iiiiii&
245 782 374 864 longea
404 775 480 837 fine:
524 777 634 839 Sedet
666 779 735 859 ipsi,
760 778 814 856 qui
845 779 1046 838 sacratissimo
1073 779 1295 859 regenerationis
1340 793 1342 800 ’

69 859 125 951 ’ἰξξῑ
144 857 222 900 “ms‘'
245 865 388 941 mysterio
409 871 620 936 cousecratur,
640 860 802 921 adventum
823 864 917 921 sancti
944 864 1064 945 spiritus
1094 882 1295 944 consummans
1332 908 1342 941 ,Ι

70 923 82 951 ¹
110 935 117 950 ’
246 949 381 1010 inunctio
402 945 533 1031 largitur
554 947 700 1030 unguenti
719 955 777 1004 etc.
820 945 924 1021 Unde,
944 959 980 1004 ut
1000 949 1125 1028 opinor,
1143 947 1229 1026 juxta
1255 967 1296 1006 sa-

72 1045 236 1106 apououpu·
247 1035 410 1096 eratiorem
425 1050 559 1102 sensum,
581 1029 744 1089 traditione
764 1029 865 1110 divina
884 1032 979 1089 saneti
998 1042 1109 1090 nostrae
1132 1031 1296 1091 sacerdota·

73 1097 199 1188 iiiumii'?
246 1117 282 1180 lis
299 1114 471 1176 'functionis
498 1115 611 1193 duces,
640 1113 886 1173 honestissimum
913 1113 996 1173 istud
1028 1117 1177 1197 unguenti
1201 1136 1296 1175 conse·
1340 1150 1342 1155 ·

87 1208 90 1215 '
247 1201 355 1263 erandi
375 1219 496 1274 munus,
517 1195 628 1257 teieten
647 1195 686 1256 ab
708 1195 817 1258 effectu
838 1200 897 1274 rei,
920 1218 987 1280 quae
1008 1195 1041 1258 in
1073 1219 1109 1258 eo
1137 1196 1295 1280 perficitur,

246 1287 413 1348 nominant.
904 1314 908 1325 s

310 1362 358 1437 ’4.
400 1368 455 1428 ΕΤ
477 1367 574 1448 capite
588 1364 732 1440 secundo,
754 1376 790 1424 ut
814 1365 904 1443 iufra,
927 1376 1030 1447 quaest
1051 1366 1159 1445 quinta
1173 1368 1228 1427 Β.·

331 1467 361 1519 5.
403 1449 603 1511 FABIANUS
625 1462 661 1509 ut
680 1460 782 1532 supra,
805 1462 909 1531 quaest.
933 1451 1031 1527 tertia,
1056 1449 1088 1507 Β.
1117 1461 1144 1515 4.
1307 1500 1310 1507 .

332 1550 359 1603 1.
401 1536 436 1598 B.
458 1533 647 1594 SYNODUS
673 1533 847 1594 Laodicena
867 1545 1011 1621 caue&
1056 1532 1187 1615 Oportet
1205 1531 1320 1616 bapti·⁴

248 1635 331 1682 ratos
351 1631 412 1679 etc..
431 1631 466 1677 ut
490 1621 522 1677 iu
543 1629 637 1676 textu.
678 1655 681 1659 -
1226 1667 1230 1674 .

266 1732 268 1736 >
331 1718 359 1769 2.
402 1694 629 1761 CORNELIUS
651 1699 741 1762 Pout.
768 1713 799 1760 et
818 1702 860 1760 Μ.
884 1701 915 1760 in
936 1702 1021 1783 epist.
1041 1699 1080 1758 ad
1097 1698 1175 1760 Fab.
1196 1697 1297 1760 Antie-
1340 1702 1342 1735 ²

248 1788 387 1861 ebenum,
399 1796 475 1844 teste
496 1784 631 1842 Eusebio
650 1783 829 1843 Caesareensi
856 1783 937 1843 libro
958 1796 1041 1842 sexto
1062 1782 1198 1842 historia·
1212 1783 1298 1844 eccle·
1332 1804 1336 1813 ’

247 1872 373 1930 siasticae
387 1888 452 1949 cap.
467 1881 528 1944 35,
545 1867 585 1926 de·
604 1867 723 1926 Novato
740 1867 885 1946 loquens:
927 1867 987 1926 Ubi
1009 1848 1235 1927 Exercistaruni
1246 1870 1298 1942 (in-
1339 1904 1342 1935 1

249 1953 332 2034 quit)
353 1951 496 2032 praesidio
529 1952 639 2032 spiritu
658 1950 712 2009 illo
744 1951 823 2009 malo
859 1963 936 2010 esset
957 1951 1114 2026 liberatus,
1139 1963 1171 2010 ct
1191 1964 1257 2034 post
1273 1953 1298 2010 in

248 2047 311 2096 tam
328 2055 448 2117 gravem
468 2034 621 2110 morbum,
644 2045 680 2092 ut
699 2036 761 2114 jaan
780 2034 874 2093 ferme
900 2037 978 2094 mori
1000 2046 1169 2115 putaretur,
1187 2035 1301 2113 incidis-¹

249 2130 305 2193 set,
324 2126 356 2178 in
371 2119 460 2194 lecto,
477 2122 509 2177 in
536 2139 599 2201 quo
619 2117 837 2201 decumbebat,
859 2139 939 2199 aqua
974 2119 1175 2178 circumfusus
1195 2119 1299 2203 baptis·

251 2224 334 2263 mum
355 2205 480 2285 aceepit,
509 2202 644 2262 simodo
670 2201 760 2262 talem
782 2201 935 2262 hominem
955 2203 1138 2284 baptismum
1161 2206 1300 2286 accepisse

251 2287 415 2347 dicendum
437 2289 491 2347 sit:
512 2307 614 2347 verum
638 2285 746 2346 morbo
769 2286 889 2346 taudem
917 2287 1045 2370 elapsus,
1069 2307 1168 2367 neque
1194 2301 1302 2362 caetera,

255 2371 367 2455 quibus
383 2384 455 2454 post
477 2371 850 2455 baptismumsecundum
871 2371 1012 2430 Ecclesiae
1045 2391 1191 2430 canonem
1218 2373 1303 2432 imbui

78 2409 246 2512 iiiiiidi'a.
257 2468 446 2538 oportuerat,
458 2458 627 2538 acquisivit,
647 2477 746 2537 neque
760 2457 883 2514 Domini
900 2455 1001 2537 sigillo
1016 2453 1055 2515 ab
1077 2455 1234 2538 Episcopo
1253 2456 1305 2516 ob·
1322 2495 1327 2505 -

78 2519 217 2614 iffiii'pa'i’
257 2542 389 2623 signatus
417 2541 484 2601 fuit.
542 2543 613 2617 Quo
641 2540 765 2621 quidem
785 2541 960 2620 neutiquam
985 2542 1119 2621 potitus,
1142 2540 1304 2620 quomode

78 2602 247 2708 iiffiiffi‘issffl'
258 2643 361 2704 quaeso
373 2623 519 2705 Spiritum
542 2637 678 2683 sanctum
694 2624 821 2705 adeptus
840 2625 903 2683 est?

50 2763 53 2767 ,
79 2721 246 2774 Novariam...
338 2719 367 2775 ὅ,
409 2700 714 2783 ΤΗΕΟΒΟΒΕΤΠΞ
738 2709 768 2766 in
789 2710 971 2790 compendio
994 2704 1204 2765 haereticarum
1226 2706 1309 2767 fabu-

78 2777 351 2870 ἓξζῗξξξῆξωηπυω
370 2786 438 2849 Lib.
458 2789 516 2849 Ill.
550 2790 588 2849 de
613 2791 746 2865 Nerato,
777 2812 867 2870 quem
890 2794 939 2852 alii
972 2789 1123 2849 Novatum
1146 2791 1308 2873 appellant:

79 2877 210 2960 ssssss,¹’'“⁸·
256 2869 469 2931 Paenitentiam
489 2893 580 2934 asuo
602 2886 751 2933 conventu
773 2887 877 2934 arcent
901 2878 1041 2957 penitus,
1062 2875 1170 2953 iisque,
1189 2878 1245 2956 qui
1275 2872 1307 2935 ab

256 2955 329 3036 ipsis
359 2957 532 3039 tinguntur,
564 2977 683 3018 sacrum
711 2956 847 3016 Chrisma
877 2980 939 3019 non
972 2957 1117 3039 praebent
1161 2960 1309 3034 Quocirca

256 3057 308 3098 eos
332 3041 429 3115 etiam,
452 3042 550 3121 quiex
567 3041 624 3101 huc
644 3040 750 3100 haeresi
774 3040 898 3123 corpori
919 3043 1060 3103 Ecclesiae
1076 3044 1306 3127 coniunguntur,

255 3119 410 3185 benedicti
433 3114 540 3184 Patres
556 3127 629 3207 ungi
647 3126 814 3205 jusserunt.

337 3220 365 3277 4.
393 3207 634 3289 ‚cremanus
650 3206 706 3275 lib,
723 3209 748 3269 Ι.
767 3209 855 3292 epist'
871 3209 1061 3285 duodecima,
1072 3221 1107 3271 ut
1119 3231 1213 3293 supra
1225 3233 1306 3295 quu-

118 3317 126 3324 ’
253 3290 342 3352 stium
363 3293 506 3369 secunda,
527 3291 562 3352 A.
581 3308 608 3361 1.
664 3304 666 3309 '
1105 3358 1108 3363 ,
1254 3330 1260 3365 ·.

336 3389 365 3443 ὅ.
406 3377 513 3436 IDEM
534 3379 565 3436 in
587 3397 724 3442 sermone
744 3377 782 3438 de
806 3379 947 3438 unctione
961 3375 1148 3456 Chrismatis,
1166 3391 1202 3439 ut
1221 3396 1310 3462 supra

254 3457 358 3519 eadem
377 3463 532 3541 quaestion.
554 3462 696 3538 secunda,
720 3462 753 3522 Β.
772 3477 800 3530 2.

79 3538 222 3642 ffifflffi
337 3557 366 3611 6.
409 3545 602 3605 CYRILLUS
622 3545 704 3606 Alex.
724 3548 757 3605 L.
782 3547 834 3605 lx.
848 3548 880 3606 iu
900 3545 1008 3604 Levita
1051 3545 1238 3627 Quicunque
1255 3567 1309 3613 uu·

24 3702 27 3707 .
79 3666 100 3705 4,
111 3661 173 3707 pm
189 3674 210 3716 2,
224 3673 244 3716 9·
255 3640 367 3708 guento
384 3630 463 3687 sacri
482 3626 657 3690 Chrismatis
679 3630 806 3690 delibuti
818 3642 897 3704 sunt,
917 3627 1090 3688 sacerdotes
1112 3631 1213 3696 effecti
1232 3640 1306 3706 sunt,
1323 3676 1326 3685 .

188 3726 193 3741 ’
253 3709 334 3769 sicut
353 3710 463 3787 Petrus
484 3712 523 3771 ad
549 3731 666 3774 omnem
692 3715 768 3774 dicit
793 3715 973 3774 Ecclesiam:
1016 3711 1081 3773 Vos
1109 3727 1211 3775 autem
1241 3716 1306 3777 astte

252 3811 345 3874 genus
373 3793 510 3869 electum,
530 3797 629 3877 regale
655 3798 867 3873 sacerdotium,
891 3817 962 3878 gens
979 3810 1092 3861 sancta.
1291 3846 1294 3851 .

80 3895 185 3944 caeru..
204 3904 242 3949 a..
336 3891 365 3945 7.
407 3877 600 3940 CYRILLUS
623 3882 774 3942 Hierosol.
796 3877 909 3941 catech.
930 3879 985 3939 111.
1005 3892 1148 3965 mystag.t
1191 3879 1233 3945 Bt
1250 3901 1307 3942 no·

77 3951 179 4042 {³¹33}
188 3954 242 4010 rap.
251 3957 300 4019 bis
312 3972 474 4043 postquam
484 3964 622 4025 similiter
632 3987 666 4025 ex
683 3968 772 4047 aquis
782 3967 858 4024 sacri
871 3962 983 4022 lavacri
997 3965 1196 4040 ascendimus,
1207 3966 1308 4026 datum

250 4054 295 4117 cst
322 4043 478 4123 Chrisma,
513 4049 598 4129 quod
624 4049 782 4134 imaginem
806 4049 885 4127 gerit
911 4045 1007 4124 illius,
1039 4069 1100 4128 quo
1132 4054 1308 4115 unctus-eit

249 4125 398 4189 Christus.
440 4131 488 4191 De
504 4153 566 4214 quo
591 4141 620 4191 et
640 4130 673 4191 B.
696 4134 787 4193 Isaias
808 4134 838 4190 in
858 4151 913 4201 sua
926 4129 1100 4212 prophetia,
1120 4154 1155 4195 ex
1176 4150 1305 4214 persona
1332 4180 1335 4187 2

75 4111 131 4158 tu.
150 4127 183 4171 eu
194 4130 214 4168 a.

91 4220 94 4227 '
246 4211 370 4291 Domini
389 4206 511 4289 loeutus
533 4226 593 4278 esta
614 4215 749 4306 Spiritus
768 4216 892 4277 Domini
912 4235 1004 4303 nuper
1021 4236 1085 4277 mea
1116 4228 1305 4306 quapropter
