2790 4792
287 310 390 421 4⁴47
544 314 1170 410 nnsaannnnro'
1238 438 1243 447 q

287 547 365 609 quae
385 546 420 588 ex
436 522 670 588 confirmatione
687 519 901 598 contrahitur,
935 520 1182 586 confirmantem
1206 536 1243 587 et
1262 526 1360 589 confin-

284 622 398 671 matum
409 653 419 691 ‚
448 610 594 689 illiusque
613 620 731 690 patrem
749 621 781 668 et
803 619 944 681 matrem,
966 619 1175 668 etteueutem
1210 631 1267 671 non
1281 633 1354 694 epe·

284 693 403 763 dictura
438 693 582 754 omnibus
602 694 682 751 inter
702 690 777 752 alias
800 711 944 773 personas
977 691 1077 770 hujus
1102 694 1276 774 spirituahs
1289 717 1346 780 cog·

283 780 417 839 nationis
441 777 664 859 impedimentis
686 778 813 837 omnino
836 775 969 835 sublatis.
1011 775 1129 836 ITEM
1149 799 1228 862 cap.
1247 776 1342 847 aeln-

284 865 383 937 stitiae
423 863 566 944 publicae
598 858 765 920 honestatis
801 861 1071 942 impedimentum,
1117 860 1177 920 ubi
1220 864 1348 946 spurcalia

285 960 470 1028 quacunque
502 947 622 1006 ratione
650 944 749 1004 valida
764 966 828 1005 non
855 955 960 1018 erunt,
982 944 1261 1020 sanctasynodus
1279 970 1349 1030 pror

285 1053 337 1092 sus
363 1031 458 1091 tollite
487 1030 542 1089 ubi
573 1040 673 1088 autem
695 1029 795 1089 valida
828 1030 961 1102 fuerint,
992 1030 1134 1108 primum
1151 1035 1288 1114 gradum
1303 1053 1351 1092 mn

284 1116 444 1176 excedente
467 1115 610 1196 qnoniam
623 1115 655 1171 in
674 1111 875 1174 ulterioribus
906 1110 1055 1194 gradibus
1080 1119 1152 1193 Jam
1174 1137 1244 1177 non
1266 1128 1351 1202 potest

283 1199 462 1281 hujusmodi
482 1197 655 1281 prohibitio
683 1196 799 1278 absque
824 1196 986 1278 dispendio
1013 1195 1192 1259 observari.

367 1284 422 1343 ET
442 1302 510 1365 cap.
531 1294 579 1350 tp:
609 1278 771 1342 Praeterea
792 1294 896 1343 sancta
919 1279 1088 1357 synodus,
1111 1283 1227 1344 iisdem
1253 1297 1285 1346 et
1301 1285 1351 1346 alis

284 1370 464 1453 gravissimis
483 1367 521 1426 de
545 1369 643 1426 causis
661 1365 813 1442 adducta,
842 1364 1122 1445 impedimentum,
1153 1369 1245 1449 quod
1266 1392 1350 1454 prop-

284 1467 335 1513 ter.
356 1451 529 1512 affinitatem
546 1472 581 1510 ex
606 1452 808 1510 fornicatione
827 1462 1018 1509 contractam
1035 1449 1221 1532 inducitur,
1248 1467 1280 1514 et
1299 1476 1351 1516 ura·

284 1538 462 1599 trimonium
487 1548 595 1616 postea
622 1534 738 1594 factum
763 1535 900 1594 dirimit:
930 1533 971 1593 ad
992 1554 1048 1594 eos
1068 1545 1211 1612 tantum,
1243 1541 1297 1620 qui
1326 1542 1349 1600 in

284 1624 387 1705 primo
408 1633 437 1681 et
466 1619 608 1679 secundo.
621 1619 720 1762 prado
737 1621 981 1700 conjunguntur,
1003 1622 1177 1703 restringit.
1220 1623 1258 1683 In
1278 1623 1349 1684 ulte·

285 1705 423 1766 rioribus
437 1724 510 1764 vero
536 1703 622 1787 gradi
647 1723 681 1762 ns
696 1705 821 1779 statuit,
845 1701 1026 1781 hujusmodi
1045 1701 1227 1766 affinitatem
1252 1710 1350 1769 matri-

284 1793 421 1851 monium
453 1801 560 1870 postca
584 1799 776 1848 contractum
801 1807 864 1846 non
886 1786 1041 1846 dirimere.

368 1873 471 1932 ITEM
492 1886 539 1936 5.:
561 1871 593 1929 Si
618 1874 689 1952 quis
719 1873 800 1932 intra
822 1869 932 1952 modus
947 1869 1127 1952 prohibitos
1145 1875 1280 1935 scienter
1291 1897 1349 1936 ma-

18 2034 21 2041 Ι
281 1957 460 2049 trimoniuur
485 1953 667 2012 contrahere
683 1956 937 2038 praesumpserit,
961 1967 1131 2036 separetur,
1166 1969 1197 2017 et
1213 1979 1268 2039 spe
1288 1960 1349 2019 dis·

102 2052 269 2156 ppppibgfgp·
279 2039 466 2180 pausationis
498 2038 730 2132 consequendae
752 2052 869 2097 careat:
900 2038 997 2136 idque
1024 2041 1113 2133 iuteo
1130 2039 1230 2099 multo
1250 2045 1346 2122 magis

103 2120 240 2192 munic„
291 2140 382 2181 ocum
417 2116 550 2193 haheat,
592 2139 647 2199 qur
675 2139 739 2185 non
766 2133 884 2180 tantum
904 2137 1121 2182 matrimonium
1146 2121 1337 2197 contrahere,

102 2207 149 2241 ⁸⁸⁸·
278 2204 333 2266 sed
348 2205 437 2264 etiam
456 2222 667 2265 consummare
680 2223 772 2263 ausus
803 2206 907 2266 fuerit.
954 2206 1050 2282 Quod
1069 2206 1092 2262 ai
1105 2205 1276 2288 ignoranter
1299 2205 1333 2264 id

277 2291 405 2365 fecerit,
442 2290 467 2347 si
505 2286 629 2369 quidem
664 2287 867 2350 solemnitates
891 2295 1053 2371 requisitas
1077 2292 1107 2348 in
1129 2287 1333 2350 contrahendo

276 2374 473 2435 matrimonio
505 2372 687 2455 neglexerit,
708 2374 822 2434 eisdem
843 2373 1032 2455 subjiciatur
1050 2376 1171 2457 poenis:
1190 2375 1340 2432 nonenim

277 2460 390 2540 dignus
412 2467 481 2533 est,
514 2459 570 2540 qui
603 2457 759 2518 Ecclesiae
791 2459 1011 2542 benignitatem
1040 2458 1130 2519 facile
1168 2460 1342 2541 experiatur,

277 2546 367 2623 cujus
384 2541 518 2602 salubria
534 2553 698 2625 praecepta
719 2553 833 2603 temere
857 2546 1049 2625 contempsit.
1093 2543 1128 2602 st
1142 2565 1213 2602 vero
1234 2543 1345 2603 solem·

275 2626 426 2687 nitatibus
454 2625 623 2702 adhibitis,
656 2628 903 2708 impedimentum
940 2627 1071 2708 aliquod
1099 2640 1207 2709 postea
1224 2628 1346 2687 subesse

276 2723 502 2792 cognoscatur,
540 2711 629 2789 cujus
662 2709 715 2769 ille
755 2711 949 2793 prohabilem
985 2714 1196 2794 ignorantiam
1227 2710 1343 2789 hahuit,

273 2805 350 2852 tunc
381 2794 498 2853 facilius
527 2813 596 2852 cum
620 2814 657 2852 eo
688 2805 719 2852 et
738 2799 833 2877 gratis
858 2796 1027 2878 dispensari
1045 2799 1176 2878 poterit.
1218 2797 1255 2856 In
1273 2817 1343 2856 con·
1385 2808 1387 2859 i

272 2876 429 2937 trahendis
456 2879 655 2937 matrimoniis
683 2877 729 2937 vel
763 2880 847 2939 nulla
874 2882 1000 2940 omnino
1034 2881 1131 2941 detur
1154 2882 1339 2962 dispensatio,
1384 2890 1387 2913 ¹

271 2961 321 3021 vel
352 2983 444 3022 raro:
466 2963 561 3043 idque
580 2983 614 3022 ex
639 2981 728 3022 causa
740 3006 750 3038 ,
776 2976 807 3024 et
831 2978 924 3047 gratis
945 2964 1147 3024 concedatur.
1190 2966 1228 3025 Iu
1241 2986 1339 3026 secun-

271 3047 314 3107 do
339 3047 437 3130 gradu
458 3064 615 3127 nunquam
632 3045 842 3128 dispensetur,
865 3051 924 3109 nrsi
942 3051 1169 3133 intermagnos
1191 3053 1334 3133 principe!
1383 3038 1387 3099 i

1382 3110 1387 3135 l

272 3143 303 3192 et
326 3131 368 3190 ub
388 3131 544 3214 publicam
563 3151 691 3190 causam.
1382 3164 1387 3201 a

357 3228 385 3281 1.
408 3216 440 3275 C.
485 3214 811 3276 CHRYSOSTOMUS
839 3214 923 3277 hom.
947 3230 998 3285 20.
1022 3217 1053 3276 in
1073 3217 1238 3300 epistolam
1258 3215 1332 3278 Pauli
1382 3210 1387 3221 ’

268 3296 309 3358 ad
334 3298 505 3380 Ephesios,
539 3302 570 3359 in
592 3299 704 3359 morali
728 3299 960 3379 exhortatione,
982 3301 1079 3363 multa
1098 3302 1240 3385 pulchra
1256 3303 1333 3363 hahet

269 3382 309 3442 de
332 3381 464 3466 pacifico
487 3386 652 3465 conjugum
671 3386 822 3444 convictu.

354 3482 382 3534 2.
425 3465 682 3529 AUGUSTINUS
704 3467 758 3527 lih.
783 3477 812 3535 9.
839 3469 877 3529 de
896 3471 1005 3531 Gener.
1020 3467 1059 3533 ad
1079 3467 1204 3530 literam
1222 3478 1330 3555 capti

93 3575 239 3617 mirelmont·
268 3550 413 3633 Denique
443 3553 605 3632 utriusque
638 3572 725 3611 sexus
754 3550 914 3613 infirmitas
942 3551 1144 3636 propendens
1176 3556 1209 3614 i'n
1228 3558 1330 3616 ruinam

97 3637 134 3664 ‘¹¹¹¹
150 3627 246 3687 ‘mil‘
267 3637 490 3717 turpitudinis,
523 3648 606 3695 recte
632 3637 783 3719 excipitur
804 3632 965 3698 honestate
980 3639 1172 3718 nuptiarum,
1197 3635 1330 3722 acquod
1384 3630 1387 3653 ⁸

266 3720 347 3780 sanis
379 3722 477 3802 possit
507 3741 572 3780 esse
600 3719 751 3796 officium,
782 3723 823 3781 sit
855 3724 984 3805 aegrotis
1007 3721 1191 3784 remedium.
1238 3726 1326 3803 Neque

267 3807 347 3865 enim
376 3806 447 3886 quia
486 3806 705 3866 incontinentia
732 3804 844 3865 malum
873 3820 934 3884 est,
968 3807 1039 3866 ideo
1059 3801 1326 3887 connubium,tel

266 3912 329 3971 qno
355 3890 579 3950 incontinentes
608 3887 813 3970 copulantur,
836 3911 897 3949 non
923 3903 969 3952 est
991 3890 1125 3950 honumz
1149 3894 1249 3955 immo
1269 3909 1330 3953 vero
1385 3900 1387 3961 i

264 3995 327 4033 non
361 3986 490 4056 propter
518 3973 597 4034 illud
637 3973 750 4034 malum
781 3975 936 4057 culpabile
965 3988 1010 4037 est
1032 3975 1093 4034 hoc
1116 3974 1261 4055 bonum,
1287 3973 1333 4036 sed
1378 3966 1387 4011 ·‘

90 4066 241 4158 piperatum
263 4069 393 4198 propter
403 4057 600 4136 hochonnm,
613 4057 728 4120 veniale
738 4059 870 4120 estillnd
882 4060 1009 4122 malum:
1024 4061 1230 4141 quoniamid,
1255 4058 1332 4146 quod

88 4129 239 4212 „ffissffflfm'
288 4160 380 4200 onum
408 4142 523 4204 hahent
540 4146 683 4227 nuptiae,
710 4155 741 4204 et
758 4144 844 4223 quod
862 4143 962 4203 bonae
987 4157 1060 4205 suut
1078 4149 1234 4225 nuptiae,
1268 4167 1335 4230 pec-

126 4218 216 4268 Em·-
264 4235 364 4286 catum
394 4245 457 4290 esse
485 4247 643 4312 nunquam
672 4239 788 4313 potest
841 4228 909 4291 Hoc
931 4239 1033 4291 autem
1066 4231 1266 4312 tripartitum
1283 4241 1334 4308 est,

111 901 243 956 sponsari..

1376 4464 1387 4714 l
