2790 4792
251 330 328 410 802
494 323 573 402 Du
612 329 1074 413 SACRAMBMO

249 521 312 581 tiae
331 517 455 581 modum
473 528 598 604 peccata
618 515 761 585 excedere
785 516 953 599 rideantur,
978 533 1009 584 ct
1032 542 1099 584 non
1121 525 1225 590 modo
1238 520 1310 592 veuls

275 617 468 681 creatorum,
504 609 713 664 verumetiam
750 608 956 687 praemiorum
977 607 1079 689 gloria
1114 612 1312 695 perfruentem·

249 627 472 751 laenitentiam
494 709 568 750 vero
603 688 689 765 dico,
712 709 775 747 non
798 687 898 748 solum
924 702 959 749 ut
987 711 1008 749 a
1033 691 1124 752 malis
1161 697 1308 776 prioribus

251 774 440 850 desistamus,
460 775 668 833 verumetiam
693 785 730 832 ut
756 771 908 832 bonorum
929 794 1056 857 operum
1074 776 1239 841 fructibus
1263 785 1309 842 in-
1333 798 1336 805 ’

75 873 216 922 trimos·
249 857 396 941 pleamur.
437 858 560 929 Facite,
580 859 695 938 inquit,
717 856 835 916 fructus
866 858 974 941 dignos
997 861 1210 941 poenitentia.
1251 867 1307 942 Quo

250 955 350 1003 autem
371 941 465 1003 modo
487 939 674 1002 fructificare
681 939 873 1027 poterimus?
914 942 948 1001 si
970 945 1079 1023 utique
1099 951 1251 1028 peccatis·
1263 951 1307 1010 ad-

248 1046 334 1087 versa
353 1027 507 1086 faciamus.
549 1024 657 1084 Aliena
675 1023 825 1106 rapuisti?
846 1027 947 1108 incipe
969 1025 1086 1087 donare
1109 1031 1181 1110 jam
1195 1046 1227 1094 et
1242 1056 1307 1118 pro-

247 1113 323 1195 pria.
367 1112 473 1194 Longo
498 1129 528 1169 es
548 1121 687 1192 tempore
706 1109 892 1168 fornicatus?
914 1131 931 1170 a
948 1109 1084 1193 legitimo
1104 1135 1241 1199 quoque
1259 1122 1338 1180 usui*

248 1195 432 1278 suspendere
450 1194 586 1277 conjugii
604 1215 639 1254 ac
659 1207 836 1275 perpetuam
851 1196 1066 1256 continentiam
1092 1201 1225 1282 saepius
1241 1223 1307 1286 pau·
1334 1222 1338 1257 ε

248 1300 357 1339 corum
371 1278 488 1338 dierum
514 1279 651 1339 castitate
673 1278 828 1336 meditare.
870 1280 1019 1360 injuriam
1041 1280 1090 1341 vel
1124 1304 1225 1367 opere
1251 1289 1306 1347 eni·
1336 1336 1338 1349 ,

248 1385 350 1446 quam,
371 1362 418 1423 vel
444 1383 582 1422 sermone
606 1361 723 1422 fecisti?
751 1361 833 1423 refer
858 1363 1081 1424 benedictionis
1114 1367 1217 1431 verba
1241 1392 1306 1432 con-
1336 1412 1338 1437 .

246 1450 347 1508 viciis:
369 1459 400 1509 et
416 1449 619 1531 percutientes
635 1456 676 1522 te,
694 1466 776 1505 nunc
793 1447 909 1524 officiis,
932 1467 1015 1507 nuuc
1040 1451 1140 1511 etiam
1163 1451 1303 1515 beneficiis

25 1568 30 1583 ι
72 1531 367 1616 affiguntur-placare
388 1531 548 1592 contende.
590 1531 696 1611 Neque
716 1531 795 1589 enim
822 1533 980 1592 vulnerato
1021 1531 1145 1596 sufficit
1168 1537 1210 1599 ad
1235 1539 1305 1600 salu·

74 1602 156 1645 Μ·
246 1630 318 1692 tem,
342 1606 554 1678 tantummodo
577 1614 694 1697 spicula
714 1613 752 1674 de
771 1636 903 1698 corpore
918 1614 1056 1693 evellere,
1076 1618 1137 1679 sed
1159 1624 1247 1682 etiam
1262 1645 1302 1684 re·

245 1700 351 1760 media'
364 1701 511 1761 adhibere
532 1698 717 1759 vulneribus.
760 1701 887 1760 Deliciis
904 1712 974 1759 ante
995 1711 1027 1758 et
1051 1705 1233 1769 temulentie
1250 1707 1321 1768 dii-1

244 1783 381 1844 fluebas?
402 1785 513 1843 ieiunio
526 1795 556 1844 et
577 1803 673 1864 aquae
690 1794 768 1865 potu
784 1796 948 1865 utrumque
967 1802 1160 1868 compensa:
1181 1810 1257 1868 cura,
1272 1801 1300 1851 ut

246 1867 476 1942 detrimentum,
508 1867 591 1947 quod
620 1879 654 1924 e'x
680 1871 826 1927 anteactis
848 1871 1011 1950 accepisti,
1035 1869 1159 1955 abigas.
1200 1875 1298 1937 Vidisti
1335 1850 1338 1917 l

244 1947 407 2030 impudicis
428 1949 556 2025 alienum
574 1948 721 2008 decorem.
734 1951 853 2010 oculisl
898 1953 1059 2012 foeminam
1090 1958 1161 2036 jam
1188 1961 1295 2020 omuino
1334 1946 1338 2023 l

243 2051 282 2093 ne
297 2032 410 2111 videas,
427 2033 548 2114 majore
568 2043 684 2094 tractus
706 2037 855 2114 cautione,
877 2057 939 2119 quo
959 2038 1062 2098 tutior
1079 2055 1161 2124 post
1175 2041 1289 2104 vulnera.

715 2234 816 2334 vui.

227 2492 231 2501 ¹
296 2450 436 2537 Profer
470 2450 625 2570 aliquot
659 2456 844 2536 Petrum.
867 2449 918 2536 de
971 2453 1253 2546 satisfactione
1336 2460 1338 2549 i

593 2614 596 2619 ’
653 2609 884 2675 sententies.

517 2820 562 2892 A.
613 2821 819 2921 Cyprianus
833 2822 912 2908 ille,
937 2824 1200 2903 sanctissimus
1211 2829 1291 2902 Mar·

414 2957 476 3043 tyr
496 2959 535 3016 et
557 2945 662 3017 testis
688 2946 934 3042 gravissimus,
960 2946 999 3017 in
1023 2947 1131 3025 hunc
1156 2951 1289 3026 modum

68 3065 546 3140 ructaret·-1¹¹0¹=¹·¹·docet:
585 3073 598 3111 ¹
646 3071 747 3141 Deus
784 3085 960 3166 quantum
992 3072 1115 3168 patria
1163 3077 1286 3176 pietate

67 3132 133 3185 epist.
146 3130 175 3171 ad
189 3125 321 3169 Cornelium
338 3124 393 3170 etl.

66 3188 86 3226 s.
101 3181 167 3234 epist
185 3185 217 3223 ’ὣ
238 3175 267 3218 “¹
280 3175 380 3216 ΜΨ·
414 3189 609 3289 indulgens
643 3210 721 3277 est,
765 3208 906 3264 tantum
929 3192 1063 3292 judicis
1104 3201 1285 3300 majestate

5 3333 13 3363 ¹
411 3314 630 3388 metuendus
662 3332 728 3386 est.
779 3316 868 3389 Alto
896 3316 1039 3388 vulneri
1061 3315 1230 3420 diligens
1258 3333 1286 3391 et

411 3436 524 3536 longa
567 3437 751 3511 medicina
790 3465 866 3512 non
902 3437 1017 3513 desit:
1061 3443 1286 3540 poenitentia

411 3561 564 3634 erimine
589 3562 709 3634 minor
732 3589 809 3635 non
832 3563 899 3635 sit:
926 3587 1033 3634 orare
1056 3584 1215 3663 oportet
1231 3567 1285 3638 im·

408 3683 585 3786 pensius,
619 3685 716 3758 diem
742 3685 844 3758 luctu
877 3685 1108 3783 transigere,
1160 3686 1286 3788 vigiliis

408 3824 538 3881 noctes
572 3831 616 3880 ec
654 3807 802 3881 fletibus
827 3807 985 3892 ducere,
1010 3824 1161 3907 tempus
1188 3832 1288 3884 omne

409 3930 628 4032 lacrymosis
642 3938 825 4032 occupare
841 3931 1183 4028 lamentationibus,
1204 3953 1287 4010 stre·

410 4071 470 4128 tos
491 4057 578 4137 ¹solo
605 4055 807 4128 adhaerere
828 4055 969 4140 cineri,
1006 4053 1045 4125 in
1071 4056 1204 4132 cilicio
1231 4052 1290 4130 ro·

66 4201 90 4244 o
103 4197 138 4239 ne
150 4196 232 4252 touta.
247 4195 317 4240 ru·
336 4211 389 4242 su-
411 4175 523 4251 lutari
547 4195 585 4252 et
595 4177 802 4254 eordibus‘
830 4175 1005 4278 Idemque
1024 4202 1158 4279 rursus
1169 4209 1181 4252 ε
1193 4178 1288 4256 *liu-

76 4248 128 4289 dem
145 4248 172 4290 de
189 4249 344 4300 eleemosyna.
