2790 4792
298 363 498 445 „aus-u
519 360 630 423 aas
650 362 671 425 s
691 364 719 424 r
743 362 759 423 1
778 360 863 424 aa.
1048 368 1137 442 229,

61 569 151 624 mus,
172 544 378 632 corporisque
396 546 511 615 Christi
550 547 714 630 participes
751 543 920 611 efficiamur.
952 546 1122 624 ‘Sic-enim,

62 636 118 711 sic,
137 635 276 714 iuquam,
307 628 462 693 diabolum
482 631 670 714 fugabimus,
701 643 731 689 et
755 630 871 690 divinae
895 643 1022 693 naturae
1048 652 1123 715 par-

63 719 171 800 ticipes
197 718 236 777 ad
266 719 352 777 vitam
388 728 419 777 et
441 714 761 797 incorruptibilitatem
778 715 981 777 ascendemus.

146 812 185 867 4.·
216 798 470 876 BERNARDUS,
498 810 576 857 teste
597 796 780 856 D...Tho1na
801 796 951 879 Aquinate
973 801 1004 858 in
1026 818 1122 881 opus-

62 883 131 943 culo
155 897 204 952 59.
239 887 336 967 capite
363 884 412 943 vel
439 881 685 966 praedicamento
706 883 835 962 quinto,
852 962 857 968 ι
872 902 984 965 corpus
1007 881 1122 952 Christi

61 978 136 1044 eto,
159 969 243 1027 utin
265 980 358 1033 textu.
918 1022 920 1027 ,

144 1050 469 1113 CHRYSOSTOMUS
492 1047 575 1109 hom.
597 1061 647 1119 24.
669 1050 701 1127 in
722 1049 748 1108 I.
770 1046 928 1117 Corinth:
958 1044 1123 1127 ¹Quemad-
1145 1060 1289 1102 ῦοιιιιιιιῑο.

58 1134 181 1194 modum
219 1136 333 1218 frigida
364 1135 497 1194 accessio
533 1132 701 1214 periculosa
721 1143 790 1207 est,
813 1133 856 1191 ita
875 1133 957 1209 nulla
979 1134 1122 1208 mysticae
1132 1109 1292 1201 :inaniunt--

57 1217 137 1277 iltius
156 1238 269 1299 coenae
289 1219 496 1301 participatio,
517 1219 616 1298 pestis.
632 1228 678 1277 est
701 1229 732 1275 et
752 1217 900 1275 interitus.
942 1219 1014 1301 Ipsa
1035 1238 1122 1277 nasu-

58 1322 119 1382 que
145 1324 246 1363 mensa
273 1308 387 1361 animae
419 1312 543 1375 nostrae
556 1303 610 1371 mis
632 1311 692 1374 est,
724 1301 809 1358 nervi
829 1307 955 1376 mentis,
990 1299 1122 1360 fiduciae

57 1387 228 1462 vinculum,
251 1385 498 1456 fundamentum,
520 1404 607 1465 spes,
629 1383 729 1457 salus,
750 1382 829 1458 lux,
851 1385 912 1442 vita
932 1397 1045 1444 nostra.
1089 1383 1122 1443 Si

56 1466 131 1529 binc
155 1469 214 1529 hoc
236 1466 389 1528 sacrificio
410 1469 517 1527 muniti
538 1467 758 1550 migrabimus,
794 1468 920 1527 maxima
949 1464 1119 1551 cum9fidu·

56 1555 106 1611 cia
140 1566 280 1621 sanctum
307 1550 498 1610 ascendemus
518 1544 722 1625 vestibulum,
756 1563 900 1631 tanquam
931 1555 1029 1612 aureis
1052 1531 1280 1632 qui-ffiffi?

55 1634 190 1696 busdam
212 1633 347 1693 vestibus
383 1634 522 1714 undique
555 1635 697 1695 contecti.
747 1633 1013 1716 Et>quid:,s.utu1·a
1033 1633 1281 1722 com-{¹⁸,¹}¹,⁸,³2¹1¹,‘„

55 1717 220 1780 memoro?
265 1716 341 1776 Nam
375 1717 449 1778 dum
474 1721 506 1777 iu
539 1716 598 1777 hac
631 1720 693 1778 rita
721 1737 839 1797 sumus,
872 1700 1012 1781 uiam
1031 1719 1121 1781 nohis
1134 1698 1272 1774 detumuit.

59 1797 180 1860 caelum
198 1801 255 1871 sit,
277 1800 432 1862 fecithoc
454 1804 638 1877 mysterium.
845 1865 848 1869 ,
876 1868 879 1873 ,

144 1896 174 1951 6.
215 1883 322 1944 IDEM
353 1883 435 1945 hom.
467 1898 519 1952 51.
541 1887 573 1945 iu
604 1883 810 1946 Matthaeum:
852 1886 1023 1970 Tangamus
1047 1906 1122 1968 ergo

55 1969 148 2029 etiam
172 1987 228 2026 uos
253 1965 403 2027 fimbriam
425 1971 593 2030 vestimenti
616 1969 704 2049 ejus,
726 1970 773 2029 vel
790 1971 916 2052 potius,
931 1973 957 2033 si
969 1970 1119 2046 volumus,

54 2054 156 2133 ipsum
177 2061 275 2109 totum
299 2050 469 2123 hahemus3
496 2074 558 2112 non
586 2055 663 2112 enim
682 2056 769 2114 vestis
786 2055 899 2131 solum,
934 2054 988 2115 sed
1007 2034 1296 2147 corpusssfflss

54 2137 152 2217 ipsius
180 2134 269 2193 nobis
297 2139 491 2220 propositum
510 2149 573 2214 est,
604 2148 640 2197 ut
655 2158 719 2197 nou
739 2150 895 2221 tangamus
916 2138 1118 2214 solummodo,
1129 2148 1191 2176 Μ’
1230 2167 1234 2177 ·
1257 2142 1260 2149 '

56 2219 109 2277 sed
127 2230 164 2278 ut
186 2219 375 2280 comedamus
404 2233 434 2281 et
448 2233 626 2281 saturemur.
669 2220 821 2281 Adeamus
847 2224 943 2304 igitur
965 2221 1122 2280 Christum

60 2301 168 2384 singuli
192 2315 380 2386 aegrotantes
404 2326 511 2386 magna
535 2300 703 2375 cumfide.
745 2303 822 2362 Nam
833 2307 877 2379 si,
896 2306 949 2383 qui
971 2301 1123 2362 fimbriam

60 2388 226 2445 vestimenti
247 2388 313 2467 ejus
341 2399 415 2447 tuuc
437 2389 619 2467 tetigerunt,
651 2397 734 2444 recte
753 2406 858 2444 omnes
885 2384 1122 2445 convaluerunt:
1216 2382 1220 2389 “

59 2481 169 2549 quanto
194 2473 286 2554 magis
312 2469 604 2542 corroborahimur,
639 2469 665 2526 si
696 2479 794 2527 totum
822 2470 854 2526 in
883 2466 973 2528 uobis
992 2466 1123 2527 habebi-

56 2554 147 2612 musi
190 2554 273 2614 Cum.
285 2551 355 2614 fide.
365 2565 466 2614 autem
488 2550 653 2626 accedere,
688 2571 750 2609 uon
770 2564 834 2626 est,
856 2562 891 2610 ut
910 2549 1213 2645 tantummodoffl·
1227 2557 1269 2600 ¹⁸·

55 2640 251 2720 propositum
277 2658 388 2718 corpus
411 2637 556 2717 recipias,
595 2635 809 2697 verumetiam
829 2635 1058 2719 multomagis,
1084 2648 1121 2696 ut
1156 2628 1162 2642 ⁸
1190 2612 1213 2654 Ψ

55 2722 170 2801 mundo
193 2720 286 2779 corde
314 2732 437 2800 tangas,
460 2731 495 2777 ut
514 2721 559 2779 sic
579 2719 678 2794 adeas,
691 2720 945 2800 quemadmodum
961 2721 1002 2783 'ad
1019 2720 1127 2804 ipsum

56 2804 274 2865 CHRISTUM.
316 2802 406 2877 Quid
424 2805 518 2879 enim,
541 2804 565 2862 si
589 2823 692 2882 vocem
714 2805 782 2884 ejus
804 2827 867 2866 non
891 2805 995 2866 audis?
1016 2826 1119 2867 nonne

53 2889 140 2957 sides
169 2888 334 2966 jacentem,
363 2887 454 2946 immo
477 2907 548 2946 vero
572 2899 610 2955 et,
629 2887 801 2969 loquentem
821 2910 878 2974 per
898 2890 1118 2973 Euangelistam

54 2973 165 3053 ipsum'
178 2967 289 3027 audis?
344 2969 466 3030 Credite
486 2973 581 3055 igitur
604 2986 728 3048 omnes,
760 2974 831 3056 quia
853 2962 1042 3038 etiamnunc
1064 2972 1116 3033 itta
1127 2968 1292 3058 ὓοθῃὸξξζζξξ

55 3073 152 3133 coena
178 3050 369 3127 celebratur,
391 3056 422 3112 in
443 3076 503 3135 qua
528 3056 721 3132 CHRISTUS
744 3059 808 3140 ipse
827 3056 1035 3116 recumbebat
1061 3031 1289 3125 Ni-iiiinnneisai¹

53 3136 101 3198 hil
127 3138 241 3219 quippe
261 3139 384 3197 interest
405 3142 484 3197 inter
501 3139 594 3213 illam·
610 3153 641 3220 ct
660 3139 748 3207 banc.
790 3134 861 3201 Nou
883 3143 960 3200 enim
982 3139 1058 3200 haee
1077 3122 1297 3206 abiiiii‘rii'dris

54 3220 199 3302 homine,
236 3219 288 3283 illa
312 3219 350 3281 ab
374 3223 442 3304 ipso
468 3221 646 3285 conficitur:
675 3223 730 3285 sed
755 3236 785 3287 et
813 3221 942 3285 hanuet
964 3222 1048 3283 illam
1069 3225 1119 3307 ip-

55 3326 87 3366 se
109 3303 209 3365 efficit.
261 3374 266 3383 ι
550 3370 553 3375 ,
614 3376 620 3387 Ι
858 3352 861 3357 .
899 3356 902 3362 .

144 3404 170 3456 t.
192 3389 227 3449 F.
268 3388 451 3451 BASILIUS
482 3391 711 3464 adcesserunt
734 3392 911 3456 Petrinum:
942 3390 1118 3452 Communi-

56 3495 125 3537 care
152 3494 209 3556 per
233 3474 366 3556 singulos
387 3475 451 3535 dies
462 3519 472 3550 ,
506 3487 536 3535 et
555 3477 737 3559 participare
758 3477 797 3536 de
827 3497 912 3537 sacro
936 3497 1068 3559 corpore
1088 3485 1118 3534 et
1276 3504 1280 3509 ·

56 3565 202 3641 sanguine
227 3558 404 3636 CHRISTI,
438 3557 600 3642 pulchrum
619 3572 664 3621 est
683 3574 713 3621 et
734 3558 821 3620 valde
845 3560 937 3635 utile,
961 3562 1029 3642 ipso
1052 3538 1288 3643 ma-gssf'm'ss·

55 3644 166 3721 niseste
181 3642 319 3700 dicente:
343 3644 405 3719 Qui
423 3643 585 3717 manducat
603 3664 700 3704 meam
720 3665 850 3718 carnem,
871 3656 901 3704 at
916 3643 998 3705 bibit
1017 3665 1115 3703 meum
1127 3644 1267 3733 cffflgst

57 3727 249 3808 sanguinem,
271 3724 365 3787 habet
384 3729 475 3786 vitam
497 3738 657 3787 aeternam.
702 3730 788 3804 Quis·
798 3731 876 3788 enim
890 3727 1025 3811 ambigit,
1040 3731 1116 3807 quin
1126 3742 1180 3798 qut
1193 3706 1257 3787 uum

57 3809 202 3892 frequens·
226 3811 304 3869 vitae
332 3813 549 3894 participatio,
578 3808 654 3869 nihil
678 3813 760 3872 aliud
784 3814 843 3887 sit,
861 3832 954 3893 ³quam
974 3812 1115 3894 piuribus

57 3896 164 3969 modis,
179 3894 299 3953 vivere?
341 3897 403 3957 Nos
419 3897 535 3965 idcireo
558 3909 665 3975 quater
693 3898 724 3956 in
762 3895 891 3978 singuiis
914 3895 1115 3967 hebdomadis

60 3980 327 4045 cootmuuicamusz
357 3981 389 4041 iu
410 3980 459 4041 die
480 3975 666 4054 Dominico,
696 3983 727 4041 iu
749 3991 860 4063 quarto
879 3979 928 4038 dic
946 3980 1115 4053 hebdoma-

60 4058 199 4145 dae‚„in
235 4062 415 4144 Parasceve,
451 4076 481 4141 at
508 4065 540 4124 iu
558 4063 713 4141 Sabbato,
748 4065 829 4145 acin
850 4063 915 4139 aliis
935 4063 1062 4145 diebus,
1088 4064 1118 4129 si

59 4164 119 4227 qua
149 4147 545 4229 amatia..fae¹3it;.⁸.ta⁰tit
558 4149 697 4231 alicujus.
739 4150 780 4210 Et
795 4160 931 4230 caetera,
959 4150 1114 4237 utsupra,

55 4232 234 4315 quaestione
251 4229 649 4325 pausada-Eucherium,
671 4232 705 4297 B·
727 4244 781 4333 pn:
816 4284 843 4310 ..
910 4292 925 4309 ,.
1021 4278 1035 4306 =.
1074 4296 1077 4305 .
