2790 4792
263 283 868 416 ‘roau1rssuur1eu
1059 337 1138 409 ω

74 515 208 597 agimus,
224 537 283 577 nec
302 514 393 577 bonis
414 509 557 597 operibus
579 525 705 595 peccata
725 512 906 595 redimimus,
922 517 987 602 ipsi
999 527 1060 578 tam
1081 515 1155 599 diu,

75 601 107 658 in
129 600 183 659 illo
206 601 385 684 purgatorio
409 600 479 682 igne
497 618 598 658 moras
618 596 813 673 habebimus,
835 619 925 680 quam
954 602 1009 664 diu
1027 623 1139 687 supra·
1221 604 1223 607 ’

76 681 161 743 dicta
181 686 437 766 peccataminnta
457 695 603 764 tanquam
625 680 870 764 ligna,'foenum‚
891 685 1011 767 stipula,
1024 707 1139 760 consu·

74 778 187 826 matur.
229 769 291 829 Sed
313 769 389 829 dicit
417 767 548 846 aliquise
588 766 668 825 Non¹
688 767 822 848 pertinet
838 764 881 825 ad
900 785 977 845 free,
991 771 1138 849 quamdiu
1197 822 1200 827 .

72 868 177 909 moras
198 852 332 929 habeam,
351 852 494 912 eiztamen
521 847 560 907 ad
581 851 681 907 vitem·
694 860 846 908 aeternam
864 869 1040 931 perrexero.
1073 854 1137 915 Ne⁴

71 953 126 992 mo
150 932 212 994 hoc
229 937 319 1007 dicat,
339 937 452 995 fratres
474 933 729 1015 carissimi‚.·qnia
755 932 807 993 ille
835 937 1032 1017 purgatorius
1059 940 1136 1020 iguis

70 1014 182 1075 durior
202 1019 344 1103 erit‚.²(ut
365 1031 395 1080 et
415 1018 512 1098 supra
530 1016 561 1073 in
584 1015 730 1096 psalmum
752 1018 941 1101 trigesimum
959 1020 1135 1101 septimum)

67 1119 161 1178 quam
180 1103 255 1182 quid
274 1115 379 1186 potest
399 1104 429 1160 in
459 1098 521 1158 hoo
553 1098 848 1183 seculopoenarum
865 1100 975 1180 videri,
1009 1115 1061 1164 aut
1083 1124 1136 1163 co·

65 1184 165 1265 gitari,
185 1197 245 1247 aut¹
256 1189 372 1247 sentiri.
416 1185 457 1243 Et
474 1203 543 1242 cum
557 1183 595 1243 de
613 1183 789 1245 dieiudrcii
813 1187 962 1269 scriptum
980 1187 1030 1262 sit,
1043 1186 1274 1272 *quodfflm
1283 1226 1305 1274 4,

67 1280 129 1327 erit
149 1269 212 1329 dies
229 1291 314 1349 ,unus
342 1281 498 1347 tanquam.
519 1267 601 1327 millo
630 1271 722 1344 anni,
744 1281 775 1328 et
795 1268 880 1328 mille
899 1271 976 1328 anni·
992 1280 1135 1350 tanquam
1258 1284 1261 1291 '

54 1349 133 1409 ¹dies
154 1372 246 1427 nnus,
269 1354 351 1415 unde
372 1354 430 1411 scit
451 1354 671 1433 unusquisque,
691 1364 795 1411 utrum
817 1351 937 1424 diebus,
963 1356 1136 1413 an‘mensi-

63 1431 136 1508 bus,
158 1455 196 1494 an
220 1437 304 1496 forte
325 1437 414 1494 etiam
435 1446 465 1494 et
487 1452 571 1497 anuis
600 1456 660 1516 per
685 1434 771 1494 illum
792 1437 892 1518 ignem
923 1439 964 1496 sit
987 1438 1136 1497 transitu-

59 1517 138 1579 rus?
181 1518 224 1578 Et
246 1519 429 1599 quibusdam
457 1519 655 1599 interpositis.
709 1518 751 1578 Et
770 1519 841 1579 ideo
861 1521 981 1599 quoties
1011 1520 1042 1578 in
1072 1519 1137 1581 lee-

60 1603 149 1660 tione
176 1601 348 1682 apostolica
382 1600 580 1662 audieritise·
615 1602 648 1661 si
679 1604 747 1683 quis
779 1623 873 1685 supra
897 1602 1136 1665 'fundamentum

38 1752 41 1757 ¹
58 1683 179 1743 Christi
200 1682 564 1763 superaedificataurum,
584 1688 753 1769 argentum,
777 1685 892 1769 lapidos
911 1688 1074 1769 pretiosos,
1095 1689 1135 1750 de

58 1769 176 1827 sanctis
200 1766 262 1826 hoo
281 1781 312 1828 et
329 1768 470 1850 perfectis
487 1766 667 1831 Christianis
683 1772 826 1853 accipite,
847 1771 902 1853 qui
919 1770 1003 1830 uelut
1026 1791 1134 1832 aurum

59 1862 231 1932 purgatum
259 1852 459 1911 merebuntur
486 1854 526 1912 ad
543 1866 678 1914 'aeterna
711 1856 1034 1937 praemia-peruenire.
1082 1855 1133 1920 Illi

58 1953 148 2007 vero,
171 1936 226 2014 qui
240 1933 493 2016 superaedificent
513 1936 760 2019 ligna-foenum,
785 1937 983 2019 etstipnlam,
1007 1937 1045 1997 de
1068 1937 1133 1999 bo·

57 2018 109 2076 nis
142 2016 346 2094 Christianis,
372 2019 426 2077 sed
452 2019 677 2100 negligentibus
700 2023 818 2081 minuta
840 2033 966 2103 peccate
985 2041 1131 2107 purgare,

56 2096 237 2181 intelligite:
260 2122 338 2180 quae
359 2114 481 2182 peccata
502 2105 537 2162 si.
549 2124 606 2163 uec
618 2102 720 2164 muna
734 2106 855 2186 justitia
873 2105 977 2164 multis
998 2104 1131 2165 tribula-

57 2181 198 2243 tionibus
219 2186 403 2268 purgaverit,
437 2207 493 2246 nee
513 2189 723 2269 uuusquisque
747 2188 1006 2262 eleemosynarum
1033 2188 1130 2268 largi-

59 2276 123 2325 tate
143 2265 324 2339 redemerit,
345 2285 415 2328 ¹nou
441 2272 516 2330 sine¹
533 2271 644 2353 grandi
662 2269 780 2330 dolore
807 2272 840 2329 in
862 2270 922 2329 illis
952 2269 1130 2350 implebitur

60 2346 156 2425 illud,
179 2352 264 2431 quod
286 2352 366 2414 dicit
382 2352 572 2434 Apostolus:
609 2351 650 2411 -st
665 2352 753 2433 cujus
769 2371 856 2432 ,opus
870 2353 1010 2429 arserit,
1032 2350 1131 2411 detri-

57 2443 194 2495 mentum
225 2439 379 2517 patietnr:
400 2438 466 2517 ipse
484 2446 587 2497 autem
612 2432 716 2492 salvus
747 2435 805 2493 erit
817 2476 827 2510 ,
856 2434 901 2493 sic
922 2446 1021 2495 temen
1041 2434 1130 2514 quasi

102 2534 151 2575 rr
194 2539 250 2578 em.
487 2572 489 2577 s
583 2546 586 2551 ·

56 2534 102 2651 -pe
141 2538 193 2669 illu
209 2599 442 2663 ‘GREGORIU
515 2596 612 2659 habes
651 2617 744 2683 snpra
775 2600 807 2659 in
837 2595 896 2659 hac
935 2598 1128 2683 quaestione,

141 2760 170 2832 5'.
214 2763 458 2827 BEBNARDUS
479 2767 511 2825 in
531 2785 670 2837 emmone
679 2765 718 2827 de
744 2765 831 2827 obitu
839 2764 1000 2826 Humberti
1021 2782 1153 2828 mona··

52 2848 126 2917 clii:
167 2849 251 2911 lllud
271 2851 403 2925 scitote,
431 2851 502 2931 quia
527 2861 602 2931 post
634 2849 714 2911 hauc
746 2853 839 2911 vitam
866 2842 1124 2932 impurgabilibus
1134 2855 1297 2944 {l‘ql‘gmffl

52 2933 136 2997 locis
159 2934 381 3012 centupliciter,
403 2954 482 3014 qnae
504 2935 620 2994 fuerint
640 2932 692 2995 hic
710 2935 857 3020 neglecta,
879 2934 1055 2995 redduntur
1069 2916 1259 2995 aselluli&
1276 2955 1301 2995 tn

53 3038 121 3100 que
144 3016 183 3074 ad
199 3017 396 3075 novissimum
419 3017 629 3096 quadrantem.
1132 3001 1301 3092 lllltluslm‘*

51 3162 55 3173 ,
142 3111 173 3165 6.
214 3098 498 3161 DAMASCENUM
518 3102 552 3161 iu
573 3122 711 3163 sermone
743 3102 781 3161 de
805 3100 974 3177 defunctis,
1007 3103 1070 3160 sire
1091 3101 1123 3165 iu

52 3203 214 3253 sermone:
257 3183 353 3259 Quod
385 3187 438 3265 qui
464 3183 536 3245 hine
564 3189 755 3271 migrarunt,
777 3187 871 3246 sacris
891 3183 1123 3267 operationibus

15 3322 19 3327 .
52 3280 90 3328 et
110 3268 249 3326 vivorum
269 3256 425 3329 beneflciis
446 3268 575 3329 multum
592 3272 754 3351 juventur:
776 3268 871 3329 habea
886 3289 979 3350 supra
997 3270 1028 3327 in
1040 3279 1125 3328 trao-

49 3362 123 3413 tatu
144 3351 183 3410 de
204 3350 399 3413 sacramento
423 3353 641 3431 Eucharistiae,
664 3355 839 3435 quaestione
873 3355 1018 3434 septima,
1041 3353 1074 3411 1..
1094 3364 1124 3420 4.

58 3484 61 3489 .
141 3448 169 3503 7.
214 3435 441 3498 CONCILIUM
461 3437 671 3498 Florentinum
691 3439 724 3497 in
747 3437 842 3496 literis
865 3438 1004 3496 unionist
1046 3434 1123 3495 Item
1132 3448 1231 3500 eropus
1249 3452 1290 3486 ιιι

50 3515 234 3595 delinimus,
263 3522 290 3593 si
321 3539 392 3581 rere
415 3520 605 3602 poenitentes
627 3523 660 3581 in
690 3523 748 3581 Dei
782 3521 907 3581 caritate
931 3519 1122 3592 decesserint,
1132 3498 1291 3586 llilllfflii.

50 3614 218 3682 antequam
240 3601 340 3686 dignis
357 3607 542 3688 ponitentiae
569 3603 721 3669 fructibus
744 3606 781 3665 de
811 3605 977 3664 commissis
1004 3594 1282 3695 satisfe-ssfflrlfflss’,

51 3687 156 3747 cerint
173 3699 203 3748 et
229 3690 356 3763 omissis,
369 3705 474 3749 eorum
496 3691 605 3750 animas
624 3690 731 3772 poenis
747 3690 935 3770 purgatoriis
945 3697 1017 3769 post
1035 3707 1122 3745 mor·
1134 3701 1285 3780 l·⁰⁰.¹¹l⁰..⁸'²·⁸'

50 3781 117 3831 tem
136 3774 273 3854 purgari.
317 3772 360 3833 Et
380 3785 448 3833 uta
489 3774 571 3833 uenis
586 3772 765 3853 hujusmodi
782 3773 962 3843 releventur,
974 3769 1123 3851 prodesse
1136 3753 1198 3829 allii
1219 3765 1302 3837 quau,

54 3854 100 3913 eie
109 3849 249 3915 ‘fidelium
266 3858 406 3917 virorum
418 3795 572 3939 sulllagia,
580 3858 740 3916 Missurum
752 3855 867 3915 scilicet
877 3851 1032 3928 sacrificia,
1052 3873 1125 3913 ora·
1135 3838 1277 3879 ''bum''

52 3937 163 4012 fimes,
175 3952 205 3998 et
217 3934 431 4017 eleemosynas,
442 3952 472 4001 et
480 3940 538 4000 alia
547 3941 668 4022 pietatis
682 3938 785 4012 efficia,
798 3957 876 4018 quae
886 3956 903 3994 a
913 3933 1055 3995 fidelibus
1065 3955 1125 4018 pro
1180 3996 1183 4009 Δ
1281 3990 1287 4025 ι

53 4018 124 4079 aliis
134 4018 279 4085 fidelibus
295 4023 363 4085 fieri
375 4035 611 4101 consueverunt,
633 4022 801 4084 secundum
813 4017 965 4078 Ecclesiae
977 4018 1130 4080 instituta:

52 4101 246 4187 illorumque
259 4110 380 4182 animas,
401 4109 455 4190 qui
477 4122 550 4191 post
566 4108 717 4191 baptisma
736 4112 914 4187 susceptum
925 4100 1038 4164 nullam
1063 4124 1131 4164 om.

50 4189 130 4251 nino
159 4192 278 4291 peceati
302 4192 450 4256 maculam
475 4195 694 4270 incurrerunt,
712 4186 780 4252 illas
806 4191 907 4266 etiam,
936 4204 1024 4269 =quee
1057 4197 1132 4273 post
