2790 4792
286 244 873 347 ‘rucnaarsmia‘
1028 287 1141 356 ..ηε

55 475 139 533 inter
159 464 257 527 undas
281 463 329 520 vta
348 459 493 542 pedestris
506 459 658 541 apparuit.
700 458 837 522 Iordanis
849 461 1126 527 retrorsum'eon·

58 573 174 625 versus,
197 550 304 609 contra
328 557 459 604 naturam
488 546 519 602 in
542 545 588 602 sui
611 542 706 599 fontis
737 538 1122 610 convertitufexordium.

60 639 173 698 Nonne
195 634 296 706 claret,
318 640 452 688 naturam
474 627 522 689 vel
545 627 764 685 maritimorum
786 627 941 706 fluctuum,
964 635 1013 692 vel
1034 633 1273 694 fluvi-Jonas.

60 722 115 780 alis
138 719 249 778 fluctus
271 735 331 775 esse
350 711 524 772 mutatam?
563 709 695 768 Siticbat
723 713 854 792 populus
881 729 1026 795 ¹patrum,
1049 723 1122 779 teti.

62 810 109 888 git
128 804 249 876 Moyses
270 810 394 881 petram,
417 808 446 856 et
468 814 548 875 aqua
571 793 608 860 de
630 804 717 874 petra
746 794 849 855 fluxit:
881 797 1037 881 Numquid
1059 808 1196 864 nonnam.
1210 818 1243 856 ao.
1259 815 1298 856 11.

62 900 185 971 praeter
205 897 342 944 naturam
366 893 492 963 operata
519 888 565 936 est
585 879 700 959 gratia,
723 890 756 937 ut
776 899 885 959 aquam
906 899 1042 945 vomeret
1065 909 1122 970 pe-

61 985 120 1044 tra,
143 989 232 1050 quam
254 988 314 1027 non
336 964 472 1025 hahebat
491 959 619 1020 natura?
661 961 781 1021 Marath
802 963 1205 1032 fluvius-amarissimus’uxou
1222 989 1297 1029 inas.

61 1067 136 1129 erat,
158 1047 483 1132 ut·sitiens.·populus
509 1045 615 1103 bibere
637 1065 702 1123 non
715 1057 719 1107 1
732 1058 843 1127 posset.
897 1051 979 1111 Misit
1005 1054 1125 1128 Moyses

60 1138 173 1220 lignum
195 1139 228 1195 in
253 1156 386 1216 aquam,
419 1142 450 1190 et
467 1128 698 1188 amaritudinem
723 1130 807 1188 suam
841 1152 986 1212 aquarum
1020 1149 1127 1198 natura

61 1223 214 1304 dep'nsuit,
235 1240 329 1300 quam
352 1216 451 1275 infusa
475 1212 579 1271 subito
601 1214 697 1293 gratia
717 1218 904 1295 temperavit.
955 1219 1020 1276 Sub
1043 1220 1275 1280 Heli-saeuas.

61 1327 130 1366 saco
152 1303 309 1387 propheta
332 1301 388 1358 uni
410 1319 444 1356 ex
465 1294 534 1354 liliis
554 1295 780 1377 Prophetarum
813 1319 969 1358 excussum
992 1313 1037 1359 est
1067 1302 1130 1361 Ier-

59 1410 129 1451 rum
153 1390 190 1447 de
213 1387 335 1455 securi,
359 1392 390 1439 et
416 1381 518 1438 statim
536 1400 669 1438 mersum
704 1393 756 1439 est.
798 1382 929 1464 Rogavit
950 1384 1130 1464 Helisaeum,
1191 1442 1198 1455 x

61 1476 116 1554 qui
140 1480 283 1533 amiserat
304 1467 430 1538 ferrum,
443 1464 638 1547 ,misitxetiam
652 1463 805 1524 Helisaeus
824 1464 939 1547 lignum
959 1469 990 1526 in
1012 1489 1131 1548 aquam,

61 1571 93 1618 et
117 1556 237 1615 serrum
258 1549 389 1607 nutavit:
422 1548 530 1626 utique
558 1546 674 1605 ethoe
703 1559 825 1629 praeter
851 1562 988 1609 naturam
1018 1553 1132 1615 factum

63 1659 131 1699 esse
154 1634 374 1714 cognoscimus.
428 1632 558 1688 Gravior
592 1644 636 1691 est
669 1635 750 1690 enim
777 1630 849 1691 ferri
880 1637 1018 1716 speeies,
1041 1658 1132 1717 quam

64 1739 219 1801 aquarum
247 1715 359 1796 liquor.
410 1712 603 1773 Advertimus
636 1716 730 1795 igitur
763 1719 887 1795 majoris
917 1739 979 1778 esse
1009 1723 1130 1783 virtutis

65 1805 207 1887 gratiam,
231 1820 322 1880 quam
343 1810 500 1874 naturam,
524 1811 553 1858 et
574 1798 684 1857 adhuc·
697 1811 796 1859 tamen
817 1802 1014 1884 proph-eticae
1036 1806 1131 1866 bene-

64 1884 212 1957 dictionis
234 1903 424 1942 numeramus
445 1885 579 1964 gratiam.
632 1884 725 1959 Quod
748 1887 910 1945 sitantum
939 1888 1036 1949 valuit
1071 1890 1132 1951 hu·
1182 1916 1188 1932 r

61 1991 154 2036 mana
174 1967 358 2042 benedicti0,
380 1978 415 2024 ut
434 1979 572 2026 naturam
601 1974 805 2044 cou‘ve'rteret,
836 1972 912 2050 quid
944 1971 1129 2036 dicimus‘de

63 2059 131 2139 ipsa
152 2052 377 2113 consecratione
401 2049 510 2126 divina,
532 2051 587 2110 ubi
612 2051 705 2113 verba
727 2054 793 2134 ipsa
815 2047 939 2113 Domini
962 2056 1127 2119 Salvatoris

64 2136 258 2222 operantur?
279 2135 353 2195 Nam
366 2134 596 2195 Sacramentum·
606 2136 700 2209 istud,
721 2137 807 2216 quod
824 2141 943 2220 accipis,
967 2141 1126 2203 CHRISTI
1139 2133 1304 2223 ffffiffilffjssw

64 2243 205 2284 sermone
238 2217 408 2280 conficitur.
450 2219 545 2295 Quod
560 2222 598 2305 ,si
626 2231 743 2278 tantum
769 2220 863 2279 valuit
892 2243 990 2280 sermo
1014 2222 1126 2297 Heliae,
1139 2240 1305 2289 sacramentum

64 2319 105 2365 ut
125 2308 220 2388 ignem
242 2304 281 2364 de
301 2303 381 2365 eaelo
405 2303 586 2384 deponeret:
610 2323 673 2360 non
695 2303 809 2361 valebit
831 2303 945 2374 Christi
969 2304 1077 2380 sermo,
1091 2320 1127 2366 ut
1137 2281 1273 2378 parantur..

65 2392 181 2474 species
202 2401 298 2448 mutet
317 2380 550 2451 elementorum?
594 2385 641 2442 De
668 2387 764 2443 totius
791 2384 901 2441 mundi.
921 2388 1069 2466 operibus
1085 2365 1232 2453 le-lliilii
1250 2381 1304 2454 elev?

66 2476 152 2558 gitti:
195 2475 278 2549 Quia
296 2475 359 2553 ipse
376 2473 459 2545 dixit,
481 2480 512 2528 et
535 2469 615 2526 facta
637 2479 722 2525 sunt:
743 2469 809 2547 ipse
831 2468 992 2544 mandavit,
1013 2484 1042 2530 et
1063 2494 1129 2532 cre-
1139 2470 1269 2551 ffifflrm

68 2571 117 2618 ata
138 2569 216 2625 sunt.
261 2556 367 2613 Sermo
403 2574 477 2634 ergo
504 2549 680 2625 CHRISTI,
703 2553 756 2630 qui
777 2553 879 2633 potuit
901 2573 935 2612 ex
963 2554 1060 2614 nihilo
1081 2557 1202 2617 fa·¹²⁸⁸¹·
1219 2540 1303 2610 nain

67 2662 146 2718 cere,
166 2641 251 2721 quod
262 2660 324 2699 non
348 2650 419 2711 erat,
443 2656 506 2693 non
519 2646 622 2716 potest
641 2655 683 2710 ea,
701 2656 777 2715 quae
796 2648 874 2709 sunt,
897 2639 927 2696 in
951 2639 983 2697 td
1004 2653 1130 2720 mutare,

67 2727 156 2808 quod
176 2746 240 2785 non
262 2721 367 2782 erant?
410 2720 481 2778 Non
503 2721 582 2779 enim
603 2720 702 2776 miuus
725 2732 789 2796 est,
810 2741 900 2779 novas
923 2722 1014 2782 rebus
1049 2726 1132 2801 dare,

67 2832 163 2892 quam
184 2819 319 2879 mutare,
352 2815 482 2862 naturas.
535 2802 596 2862 Sed
633 2804 736 2882 quoad
776 2809 956 2887 argumentis
990 2811 1132 2870 utImur?

64 2895 137 2955 Suis
162 2903 286 2950 utamur
308 2888 456 2968 exemplis,
478 2889 756 2968 incarnationisque
780 2889 915 2970 exemplo
941 2889 1132 2953 adstruamus

63 2977 209 3054 mysterii
229 2972 394 3031 veritatem.
436 2972 590 3053 Numquid
614 2983 738 3030 naturae
768 2993 840 3033 usus
861 2978 1041 3054 praecessit,
1065 2997 1133 3036 cum

64 3057 191 3137 IESUS
213 3056 362 3115 Dominus
383 3074 416 3112 ex
439 3056 534 3115 Maria
554 3056 764 3119 nascereturl,
793 3057 826 3116 Si
849 3057 985 3114 ordinem
1009 3062 1133 3137 quaeri-

66 3167 148 3219 mus,
172 3143 237 3201 viro
267 3141 356 3198 mixta
389 3138 496 3197 femina
528 3161 669 3222 generare
687 3140 850 3200 consuevit.
894 3141 1005 3218 Liquet
1024 3145 1130 3223 igitur,
1143 3125 1307 3224 fpppqqqqpa

67 3228 155 3313 quod
178 3237 301 3309 praeter
322 3233 447 3281 naturae
468 3223 601 3282 ordinem
613 3227 698 3307 virgo
714 3223 889 3306 generavit:
913 3223 1021 3299 ethoo,
1044 3227 1307 3306 quodexvirginoen.

66 3311 250 3375 conficimus
274 3327 395 3389 eorpus,
419 3326 452 3364 ex
473 3308 589 3388 virgine
610 3320 661 3367 est.
704 3306 790 3382 Quid
808 3305 875 3365 ,hic
897 3311 1017 3386 quaeris
1039 3324 1132 3368 natu-

67 3419 122 3459 rae
141 3395 284 3457 ordinem
305 3394 335 3450 in
367 3389 527 3450 CHRISTI
549 3411 687 3483 corpore,
708 3412 778 3450 eum
795 3402 916 3472 practer
936 3404 1073 3452 naturam
1095 3396 1134 3452 sit

69 3485 77 3498 '
99 3502 135 3543 ae
156 3481 306 3547 Dominus
327 3473 444 3535 JESUS
467 3485 574 3554 partus
596 3495 629 3533 ex
649 3474 780 3556 virgine?
828 3475 909 3535 Vera
931 3479 1038 3556 utique
1059 3498 1132 3538 caro

171 3563 254 3636 STI,
283 3581 359 3642 quae
380 3555 524 3617 crucifixa
546 3568 604 3633 est,
627 3579 704 3638 quae
724 3557 844 3638 sepulta
870 3571 929 3619 est:
962 3582 1033 3620 vere
1061 3583 1134 3643 ergo
1286 3617 1288 3621 .

72 3651 175 3711 earnis
188 3646 267 3706 illins
282 3646 509 3703 Sacramentum
533 3653 587 3700 est.
628 3642 696 3723 Ipse
714 3641 821 3702 clamat
829 3643 977 3701 Dominus
998 3645 1116 3706 IESUS
1127 3671 1133 3706 :
1146 3616 1309 3707 athililllm‘

71 3733 139 3795 Hoc
161 3743 208 3791 est
229 3749 341 3810 corpus
362 3749 470 3786 meum.
513 3722 593 3783 Ante
618 3723 859 3784 benedictionem
880 3726 1043 3788 verborum
1067 3717 1276 3791 cae-”⁰¹⁰³“m‘

72 3816 192 3877 lestinm
214 3813 272 3875 alia
293 3814 407 3894 speeies
427 3811 618 3876 nominatur,
641 3819 712 3888 post
745 3811 1001 3869 consecrationem
1021 3813 1211 3896 eorpusP³¹¹³⁵
1246 3815 1311 3852 ΜΗ·

1144 3867 1181 3898 cet
1190 3866 1211 3898 et
1220 3862 1309 3900 vinnm:

78 3886 237 3961 CHRISTI
265 3894 458 3979 significatur.
501 3896 576 3974 Ipse,
605 3892 680 3951 dicit
712 3893 886 3973 sanguinem
916 3910 1013 3955 suum.
1053 3897 1133 3959 Ante
1143 3915 1300 3995 {pppioqqppe
1376 3952 1379 3957 ,

76 3984 332 4045 consecrationem
352 3978 435 4040 aliud
456 3977 571 4038 dicitur
592 3997 675 4051 esse,
697 3986 767 4057 post
787 3979 1041 4040 consecrationem
1063 4002 1313 4061 san-eofpusataan-
1381 4042 1390 4055 ,

75 4068 139 4148 guis
156 4077 366 4157 npneupatur.
408 4064 450 4125 Et
469 4075 504 4126 tu
526 4061 612 4140 dieis,
636 4060 754 4123 Amen:
788 4059 850 4122 hoe
877 4072 930 4137 est,
952 4085 1056 4126 verum
1078 4052 1314 4140 estffif³1³90¹¹²·

128 4189 274 4236 ountur.
289 4190 319 4232 u.
369 4188 372 4196 ’
882 4185 926 4246 10

130 4307 139 4334 1

1145 3763 1190 3801 alita
1212 3764 1310 3815 species,
1385 3790 1389 3799 .
