<?xml version="1.0" encoding="UTF-8"?>
<!DOCTYPE html PUBLIC "-//W3C//DTD XHTML 1.0 Transitional//EN"
    "http://www.w3.org/TR/xhtml1/DTD/xhtml1-transitional.dtd">
<html xmlns="http://www.w3.org/1999/xhtml" xml:lang="en" lang="en">
 <head>
  <title>
</title>
<meta http-equiv="Content-Type" content="text/html;charset=utf-8" />
  <meta name='ocr-system' content='tesseract 3.04.00' />
  <meta name='ocr-capabilities' content='ocr_page ocr_carea ocr_par ocr_line ocrx_word'/>
</head>
<body>
  <div class='ocr_page' id='page_1' title='image "./summadoctrinaec01kanigoog_0461.png"; bbox 0 0 2790 4792; ppageno 0'>
   <div class='ocr_carea' id='block_1_1' title="bbox 239 315 1074 395">
    <p class='ocr_par' dir='ltr' id='par_1_1' title="bbox 239 315 1074 395">
     <span class='ocr_line' id='line_1_1' title="bbox 239 315 1074 395; baseline -0.001 -3"><span class='ocrx_word' id='word_1_1' title='bbox 239 318 319 392; x_wconf 74' lang='lat' dir='ltr'>ma</span> <span class='ocrx_word' id='word_1_2' title='bbox 483 315 1074 395; x_wconf 62' lang='grc' dir='ltr'>ΒΕΈΔῢΒΑΜ-ΕΗΟ</span> 
     </span>
    </p>
   </div>
   <div class='ocr_carea' id='block_1_2' title="bbox 44 500 1343 4204">
    <p class='ocr_par' dir='ltr' id='par_1_2' title="bbox 44 500 1343 4204">
     <span class='ocr_line' id='line_1_2' title="bbox 242 500 1313 574; baseline 0.01 -11"><span class='ocrx_word' id='word_1_3' title='bbox 242 512 333 563; x_wconf 88' lang='lat' dir='ltr'>erunt</span> <span class='ocrx_word' id='word_1_4' title='bbox 354 500 419 563; x_wconf 89' lang='lat' dir='ltr'>duo</span> <span class='ocrx_word' id='word_1_5' title='bbox 439 505 472 566; x_wconf 89' lang='lat' dir='ltr'>in</span> <span class='ocrx_word' id='word_1_6' title='bbox 492 518 585 566; x_wconf 86' lang='lat' dir='ltr'>earne</span> <span class='ocrx_word' id='word_1_7' title='bbox 605 523 675 566; x_wconf 88' lang='lat' dir='ltr'>una.</span> <span class='ocrx_word' id='word_1_8' title='bbox 717 502 787 563; x_wconf 87' lang='lat' dir='ltr'>Hoc</span> <span class='ocrx_word' id='word_1_9' title='bbox 809 518 908 566; x_wconf 88' lang='lat' dir='ltr'>autem</span> <span class='ocrx_word' id='word_1_10' title='bbox 926 505 1055 569; x_wconf 82' lang='lat' dir='ltr'>vinculo</span> <span class='ocrx_word' id='word_1_11' title='bbox 1076 505 1167 569; x_wconf 84' lang='lat' dir='ltr'>duos</span> <span class='ocrx_word' id='word_1_12' title='bbox 1189 520 1313 574; x_wconf 67' lang='lat' dir='ltr'>tanum</span> 
     </span>
     <span class='ocr_line' id='line_1_3' title="bbox 77 584 1324 675; baseline 0.01 -31"><span class='ocrx_word' id='word_1_13' title='bbox 77 601 219 662; x_wconf 61' lang='lat' dir='ltr'>matrimoni·</span> <span class='ocrx_word' id='word_1_14' title='bbox 241 586 334 646; x_wconf 90' lang='lat' dir='ltr'>modo</span> <span class='ocrx_word' id='word_1_15' title='bbox 354 587 495 669; x_wconf 89' lang='lat' dir='ltr'>copulari</span> <span class='ocrx_word' id='word_1_16' title='bbox 510 600 540 646; x_wconf 91' lang='lat' dir='ltr'>et</span> <span class='ocrx_word' id='word_1_17' title='bbox 555 588 722 671; x_wconf 80' lang='lat' dir='ltr'>conjungi,</span> <span class='ocrx_word' id='word_1_18' title='bbox 751 588 888 651; x_wconf 88' lang='lat' dir='ltr'>Christus</span> <span class='ocrx_word' id='word_1_19' title='bbox 915 593 1073 651; x_wconf 88' lang='lat' dir='ltr'><strong>Dominus</strong></span> <span class='ocrx_word' id='word_1_20' title='bbox 1092 597 1241 675; x_wconf 80' lang='lat' dir='ltr'>apertius</span> <span class='ocrx_word' id='word_1_21' title='bbox 1254 584 1324 657; x_wconf 59' lang='lat' dir='ltr'>do-⁸</span> 
     </span>
     <span class='ocr_line' id='line_1_4' title="bbox 67 651 1294 762; baseline -0.001 -21"><span class='ocrx_word' id='word_1_22' title='bbox 67 651 218 758; x_wconf 57' lang='lat' dir='ltr'>iiiilllfiu&#39;</span> <span class='ocrx_word' id='word_1_23' title='bbox 242 674 328 748; x_wconf 90' lang='lat' dir='ltr'>cuit,</span> <span class='ocrx_word' id='word_1_24' title='bbox 348 692 436 749; x_wconf 86' lang='lat' dir='ltr'>-eum</span> <span class='ocrx_word' id='word_1_25' title='bbox 467 683 620 755; x_wconf 87' lang='lat' dir='ltr'>postrema</span> <span class='ocrx_word' id='word_1_26' title='bbox 650 671 703 732; x_wconf 92' lang='lat' dir='ltr'>illa</span> <span class='ocrx_word' id='word_1_27' title='bbox 722 672 832 750; x_wconf 84' lang='lat' dir='ltr'>verba,</span> <span class='ocrx_word' id='word_1_28' title='bbox 862 687 1007 755; x_wconf 80' lang='lat' dir='ltr'><strong>tanquam</strong></span> <span class='ocrx_word' id='word_1_29' title='bbox 1034 695 1056 735; x_wconf 87' lang='lat' dir='ltr'>a</span> <span class='ocrx_word' id='word_1_30' title='bbox 1078 676 1158 758; x_wconf 82' lang='lat' dir='ltr'>Deo</span> <span class='ocrx_word' id='word_1_31' title='bbox 1192 680 1294 762; x_wconf 73' lang='lat' dir='ltr'>pmhta</span> 
     </span>
     <span class='ocr_line' id='line_1_5' title="bbox 66 751 1293 839; baseline 0.01 -27"><span class='ocrx_word' id='word_1_32' title='bbox 66 751 218 792; x_wconf 66' lang='lat'>⁰⁰¹¹“⁴¹¹¹¹¹&#39;²¹·</span> <span class='ocrx_word' id='word_1_33' title='bbox 242 756 376 815; x_wconf 85' lang='lat' dir='ltr'>reserens</span> <span class='ocrx_word' id='word_1_34' title='bbox 404 758 493 816; x_wconf 80' lang='lat' dir='ltr'>dixit:</span> <span class='ocrx_word' id='word_1_35' title='bbox 534 757 642 838; x_wconf 87' lang='lat' dir='ltr'>Itaque</span> <span class='ocrx_word' id='word_1_36' title='bbox 673 756 737 839; x_wconf 88' lang='lat' dir='ltr'>jam</span> <span class='ocrx_word' id='word_1_37' title='bbox 771 778 834 816; x_wconf 94' lang='lat' dir='ltr'>non</span> <span class='ocrx_word' id='word_1_38' title='bbox 863 771 932 818; x_wconf 90' lang='lat' dir='ltr'>sunt</span> <span class='ocrx_word' id='word_1_39' title='bbox 956 758 1046 834; x_wconf 86' lang='lat' dir='ltr'>due,</span> <span class='ocrx_word' id='word_1_40' title='bbox 1080 760 1139 820; x_wconf 91' lang='lat' dir='ltr'>sed</span> <span class='ocrx_word' id='word_1_41' title='bbox 1166 784 1230 823; x_wconf 89' lang='lat' dir='ltr'>una</span> <span class='ocrx_word' id='word_1_42' title='bbox 1245 786 1293 824; x_wconf 85' lang='lat' dir='ltr'>earo</span> 
     </span>
     <span class='ocr_line' id='line_1_6' title="bbox 240 837 1299 922; baseline 0.008 -22"><span class='ocrx_word' id='word_1_43' title='bbox 240 841 401 922; x_wconf 80' lang='lat' dir='ltr'>statimque</span> <span class='ocrx_word' id='word_1_44' title='bbox 436 839 577 921; x_wconf 88' lang='lat' dir='ltr'>ejusdem</span> <span class='ocrx_word' id='word_1_45' title='bbox 601 861 693 901; x_wconf 84' lang='lat' dir='ltr'>nexus</span> <span class='ocrx_word' id='word_1_46' title='bbox 726 837 900 901; x_wconf 88' lang='lat' dir='ltr'>firmitatem</span> <span class='ocrx_word' id='word_1_47' title='bbox 918 842 956 902; x_wconf 92' lang='lat' dir='ltr'>ab</span> <span class='ocrx_word' id='word_1_48' title='bbox 981 842 1106 904; x_wconf 91' lang='lat' dir='ltr'>Adamo</span> <span class='ocrx_word' id='word_1_49' title='bbox 1139 856 1233 907; x_wconf 89' lang='lat' dir='ltr'>tauto</span> <span class='ocrx_word' id='word_1_50' title='bbox 1251 862 1299 908; x_wconf 84' lang='lat' dir='ltr'>ante</span> 
     </span>
     <span class='ocr_line' id='line_1_7' title="bbox 240 923 1302 1013; baseline 0.008 -31"><span class='ocrx_word' id='word_1_51' title='bbox 240 927 484 1007; x_wconf 79' lang='lat' dir='ltr'>pronuntiatam,</span> <span class='ocrx_word' id='word_1_52' title='bbox 514 923 563 985; x_wconf 92' lang='lat' dir='ltr'>his</span> <span class='ocrx_word' id='word_1_53' title='bbox 596 923 697 985; x_wconf 82' lang='lat' dir='ltr'>verbis</span> <span class='ocrx_word' id='word_1_54' title='bbox 726 924 934 986; x_wconf 88' lang='lat' dir='ltr'>confirmavit:</span> <span class='ocrx_word' id='word_1_55' title='bbox 969 926 1072 1001; x_wconf 86' lang='lat' dir='ltr'>Quod</span> <span class='ocrx_word' id='word_1_56' title='bbox 1110 949 1194 1013; x_wconf 84' lang='lat' dir='ltr'>ergo</span> <span class='ocrx_word' id='word_1_57' title='bbox 1234 934 1302 992; x_wconf 87' lang='lat' dir='ltr'>Deus</span> 
     </span>
     <span class='ocr_line' id='line_1_8' title="bbox 66 1000 1303 1105; baseline 0.008 -38"><span class='ocrx_word' id='word_1_58' title='bbox 66 1056 146 1097; x_wconf 70' lang='lat' dir='ltr'>masta</span> <span class='ocrx_word' id='word_1_59' title='bbox 162 1000 231 1105; x_wconf 43' lang='grc' dir='ltr'>,ὦ</span> <span class='ocrx_word' id='word_1_60' title='bbox 242 1010 420 1089; x_wconf 84' lang='lat' dir='ltr'>conjunxit,</span> <span class='ocrx_word' id='word_1_61' title='bbox 450 1008 544 1069; x_wconf 90' lang='lat' dir='ltr'>homo</span> <span class='ocrx_word' id='word_1_62' title='bbox 569 1029 635 1071; x_wconf 88' lang='lat' dir='ltr'>nou</span> <span class='ocrx_word' id='word_1_63' title='bbox 656 1023 786 1090; x_wconf 88' lang='lat' dir='ltr'>separet.</span> <span class='ocrx_word' id='word_1_64' title='bbox 830 1012 966 1071; x_wconf 84' lang='lat' dir='ltr'>Gratiam</span> <span class='ocrx_word' id='word_1_65' title='bbox 985 1032 1085 1087; x_wconf 88' lang='lat' dir='ltr'>vero,</span> <span class='ocrx_word' id='word_1_66' title='bbox 1122 1036 1209 1095; x_wconf 90' lang='lat' dir='ltr'>quae</span> <span class='ocrx_word' id='word_1_67' title='bbox 1227 1030 1303 1076; x_wconf 74' lang='lat' dir='ltr'>nau·</span> 
     </span>
     <span class='ocr_line' id='line_1_9' title="bbox 67 1089 1304 1177; baseline 0.008 -26"><span class='ocrx_word' id='word_1_68' title='bbox 67 1105 214 1146; x_wconf 71' lang='lat' dir='ltr'>sacramenti·</span> <span class='ocrx_word' id='word_1_69' title='bbox 242 1093 336 1152; x_wconf 89' lang='lat' dir='ltr'>ralem</span> <span class='ocrx_word' id='word_1_70' title='bbox 363 1093 446 1152; x_wconf 91' lang='lat' dir='ltr'>illum</span> <span class='ocrx_word' id='word_1_71' title='bbox 481 1113 612 1153; x_wconf 90' lang='lat' dir='ltr'>amorem</span> <span class='ocrx_word' id='word_1_72' title='bbox 632 1089 809 1177; x_wconf 86' lang='lat' dir='ltr'>perficeret,</span> <span class='ocrx_word' id='word_1_73' title='bbox 841 1107 872 1154; x_wconf 90' lang='lat' dir='ltr'>et</span> <span class='ocrx_word' id='word_1_74' title='bbox 889 1094 1142 1156; x_wconf 82' lang='lat' dir='ltr'>indissolubilem</span> <span class='ocrx_word' id='word_1_75' title='bbox 1172 1102 1304 1161; x_wconf 86' lang='lat' dir='ltr'>unitatem</span> 
     </span>
     <span class='ocr_line' id='line_1_10' title="bbox 240 1175 1308 1262; baseline 0.007 -25"><span class='ocrx_word' id='word_1_76' title='bbox 240 1175 454 1254; x_wconf 88' lang='lat' dir='ltr'>confirmaret,</span> <span class='ocrx_word' id='word_1_77' title='bbox 486 1177 695 1262; x_wconf 80' lang='lat' dir='ltr'>conjugesque</span> <span class='ocrx_word' id='word_1_78' title='bbox 718 1176 943 1255; x_wconf 88' lang='lat' dir='ltr'>sanctificaret,</span> <span class='ocrx_word' id='word_1_79' title='bbox 974 1180 1041 1260; x_wconf 88' lang='lat' dir='ltr'>ipse</span> <span class='ocrx_word' id='word_1_80' title='bbox 1070 1180 1243 1261; x_wconf 89' lang='lat' dir='ltr'>Christus,</span> <span class='ocrx_word' id='word_1_81' title='bbox 1261 1190 1308 1244; x_wconf 69' lang='lat' dir='ltr'>ve*</span> 
     </span>
     <span class='ocr_line' id='line_1_11' title="bbox 240 1260 1305 1345; baseline 0.006 -23"><span class='ocrx_word' id='word_1_82' title='bbox 240 1261 420 1322; x_wconf 90' lang='lat' dir='ltr'>nerabilium</span> <span class='ocrx_word' id='word_1_83' title='bbox 452 1260 708 1322; x_wconf 81' lang='lat' dir='ltr'>sacramentorum</span> <span class='ocrx_word' id='word_1_84' title='bbox 743 1263 899 1323; x_wconf 90' lang='lat' dir='ltr'>institutor</span> <span class='ocrx_word' id='word_1_85' title='bbox 918 1274 1009 1342; x_wconf 89' lang='lat' dir='ltr'>atque</span> <span class='ocrx_word' id='word_1_86' title='bbox 1028 1264 1223 1345; x_wconf 84' lang='lat' dir='ltr'>perfector,</span> <span class='ocrx_word' id='word_1_87' title='bbox 1262 1289 1305 1328; x_wconf 85' lang='lat' dir='ltr'>sm</span> 
     </span>
     <span class='ocr_line' id='line_1_12' title="bbox 239 1346 1303 1432; baseline 0.004 -25"><span class='ocrx_word' id='word_1_88' title='bbox 239 1348 330 1407; x_wconf 90' lang='lat' dir='ltr'>nobis</span> <span class='ocrx_word' id='word_1_89' title='bbox 368 1348 508 1431; x_wconf 85' lang='lat' dir='ltr'>passione</span> <span class='ocrx_word' id='word_1_90' title='bbox 531 1347 723 1427; x_wconf 81' lang='lat' dir='ltr'>promeruit,</span> <span class='ocrx_word' id='word_1_91' title='bbox 754 1346 840 1427; x_wconf 88' lang='lat' dir='ltr'>quod</span> <span class='ocrx_word' id='word_1_92' title='bbox 870 1346 985 1407; x_wconf 88' lang='lat' dir='ltr'>Paulus</span> <span class='ocrx_word' id='word_1_93' title='bbox 1005 1348 1182 1432; x_wconf 81' lang='lat' dir='ltr'>Apostolus</span> <span class='ocrx_word' id='word_1_94' title='bbox 1206 1355 1303 1428; x_wconf 86' lang='lat' dir='ltr'>innuit,</span> 
     </span>
     <span class='ocr_line' id='line_1_13' title="bbox 68 1428 1304 1514; baseline 0.006 -24"><span class='ocrx_word' id='word_1_95' title='bbox 68 1433 361 1496; x_wconf 64' lang='lat' dir='ltr'>assessis-dicens:</span> <span class='ocrx_word' id='word_1_96' title='bbox 393 1429 482 1498; x_wconf 80' lang='lat' dir='ltr'>Viri,</span> <span class='ocrx_word' id='word_1_97' title='bbox 515 1430 630 1514; x_wconf 78' lang='lat' dir='ltr'>diligite</span> <span class='ocrx_word' id='word_1_98' title='bbox 652 1428 760 1491; x_wconf 64' lang='lat' dir='ltr'>utores</span> <span class='ocrx_word' id='word_1_99' title='bbox 782 1442 918 1507; x_wconf 88' lang='lat' dir='ltr'>vestras,</span> <span class='ocrx_word' id='word_1_100' title='bbox 941 1435 1023 1491; x_wconf 91' lang='lat' dir='ltr'>sicut</span> <span class='ocrx_word' id='word_1_101' title='bbox 1047 1446 1081 1495; x_wconf 93' lang='lat' dir='ltr'>et</span> <span class='ocrx_word' id='word_1_102' title='bbox 1102 1433 1247 1496; x_wconf 85' lang='lat' dir='ltr'>Christus¹</span> <span class='ocrx_word' id='word_1_103' title='bbox 1263 1438 1304 1496; x_wconf 93' lang='lat' dir='ltr'>di·</span> 
     </span>
     <span class='ocr_line' id='line_1_14' title="bbox 241 1515 1303 1601; baseline 0.003 -24"><span class='ocrx_word' id='word_1_104' title='bbox 241 1519 312 1577; x_wconf 82' lang='lat' dir='ltr'>lexit</span> <span class='ocrx_word' id='word_1_105' title='bbox 333 1515 517 1593; x_wconf 86' lang='lat' dir='ltr'>Ecclesiam,</span> <span class='ocrx_word' id='word_1_106' title='bbox 539 1528 571 1576; x_wconf 92' lang='lat' dir='ltr'>et</span> <span class='ocrx_word' id='word_1_107' title='bbox 590 1536 621 1575; x_wconf 87' lang='lat' dir='ltr'>se</span> <span class='ocrx_word' id='word_1_108' title='bbox 641 1516 741 1598; x_wconf 89' lang='lat' dir='ltr'>ipsum</span> <span class='ocrx_word' id='word_1_109' title='bbox 763 1515 889 1575; x_wconf 87' lang='lat' dir='ltr'>tradidit</span> <span class='ocrx_word' id='word_1_110' title='bbox 912 1537 972 1598; x_wconf 88' lang='lat' dir='ltr'>pro</span> <span class='ocrx_word' id='word_1_111' title='bbox 996 1536 1054 1576; x_wconf 86' lang='lat' dir='ltr'>ea:</span> <span class='ocrx_word' id='word_1_112' title='bbox 1082 1539 1154 1577; x_wconf 88' lang='lat' dir='ltr'>mox</span> <span class='ocrx_word' id='word_1_113' title='bbox 1179 1519 1303 1601; x_wconf 83' lang='lat' dir='ltr'>subjun-</span> 
     </span>
     <span class='ocr_line' id='line_1_15' title="bbox 242 1597 1303 1687; baseline 0.004 -26"><span class='ocrx_word' id='word_1_114' title='bbox 242 1623 330 1687; x_wconf 76' lang='lat' dir='ltr'>gens,</span> <span class='ocrx_word' id='word_1_115' title='bbox 369 1597 682 1661; x_wconf 88' lang='lat' dir='ltr'>Sacramentumhoc</span> <span class='ocrx_word' id='word_1_116' title='bbox 708 1620 849 1682; x_wconf 82' lang='lat' dir='ltr'>magnum</span> <span class='ocrx_word' id='word_1_117' title='bbox 876 1611 936 1658; x_wconf 85' lang='lat' dir='ltr'>est:</span> <span class='ocrx_word' id='word_1_118' title='bbox 972 1620 1030 1682; x_wconf 75' lang='lat' dir='ltr'>ego</span> <span class='ocrx_word' id='word_1_119' title='bbox 1060 1615 1166 1663; x_wconf 88' lang='lat' dir='ltr'>autem</span> <span class='ocrx_word' id='word_1_120' title='bbox 1186 1603 1303 1665; x_wconf 88' lang='lat' dir='ltr'>dicein</span> 
     </span>
     <span class='ocr_line' id='line_1_16' title="bbox 68 1682 1304 1772; baseline 0.005 -30"><span class='ocrx_word' id='word_1_121' title='bbox 68 1703 219 1744; x_wconf 76' lang='lat' dir='ltr'>1ntorsacra-</span> <span class='ocrx_word' id='word_1_122' title='bbox 243 1687 365 1746; x_wconf 87' lang='lat' dir='ltr'>Christo</span> <span class='ocrx_word' id='word_1_123' title='bbox 401 1696 430 1743; x_wconf 92' lang='lat' dir='ltr'>et</span> <span class='ocrx_word' id='word_1_124' title='bbox 457 1687 488 1743; x_wconf 93' lang='lat' dir='ltr'>in</span> <span class='ocrx_word' id='word_1_125' title='bbox 505 1682 671 1744; x_wconf 79' lang='lat' dir='ltr'>‘Ecclesia</span> <span class='ocrx_word' id='word_1_126' title='bbox 726 1685 801 1744; x_wconf 89' lang='lat' dir='ltr'>Cum</span> <span class='ocrx_word' id='word_1_127' title='bbox 825 1685 919 1767; x_wconf 77' lang='lat' dir='ltr'>igitur</span> <span class='ocrx_word' id='word_1_128' title='bbox 939 1686 1173 1746; x_wconf 87' lang='lat' dir='ltr'>matrimonium</span> <span class='ocrx_word' id='word_1_129' title='bbox 1195 1690 1227 1746; x_wconf 91' lang='lat' dir='ltr'>in</span> <span class='ocrx_word' id='word_1_130' title='bbox 1245 1689 1304 1772; x_wconf 75' lang='lat' dir='ltr'>lege</span> 
     </span>
     <span class='ocr_line' id='line_1_17' title="bbox 67 1760 1302 1854; baseline 0.002 -24"><span class='ocrx_word' id='word_1_131' title='bbox 67 1760 232 1853; x_wconf 55' lang='grc' dir='ltr'>ἰῗζῇῑᾞζῖἴ</span> <span class='ocrx_word' id='word_1_132' title='bbox 245 1769 415 1852; x_wconf 76' lang='lat' dir='ltr'>evangeliea</span> <span class='ocrx_word' id='word_1_133' title='bbox 434 1767 586 1829; x_wconf 88' lang='lat' dir='ltr'>veteribus</span> <span class='ocrx_word' id='word_1_134' title='bbox 607 1767 770 1828; x_wconf 89' lang='lat' dir='ltr'>connubiis</span> <span class='ocrx_word' id='word_1_135' title='bbox 790 1791 847 1850; x_wconf 89' lang='lat' dir='ltr'>per</span> <span class='ocrx_word' id='word_1_136' title='bbox 871 1767 1031 1827; x_wconf 86' lang='lat' dir='ltr'>Christum</span> <span class='ocrx_word' id='word_1_137' title='bbox 1046 1773 1148 1853; x_wconf 77' lang='lat' dir='ltr'>gratia</span> <span class='ocrx_word' id='word_1_138' title='bbox 1167 1785 1302 1854; x_wconf 87' lang='lat' dir='ltr'>praestet,</span> 
     </span>
     <span class='ocr_line' id='line_1_18' title="bbox 68 1849 1343 1936; baseline -0.001 -22"><span class='ocrx_word' id='word_1_139' title='bbox 68 1849 173 1892; x_wconf 70' lang='lat' dir='ltr'>rantum.</span> <span class='ocrx_word' id='word_1_140' title='bbox 245 1857 353 1915; x_wconf 90' lang='lat' dir='ltr'>merito</span> <span class='ocrx_word' id='word_1_141' title='bbox 382 1856 476 1926; x_wconf 27' lang='lat' dir='ltr'>inter,</span> <span class='ocrx_word' id='word_1_142' title='bbox 494 1873 591 1912; x_wconf 86' lang='lat' dir='ltr'>novae</span> <span class='ocrx_word' id='word_1_143' title='bbox 618 1852 692 1936; x_wconf 80' lang='lat' dir='ltr'>legis</span> <span class='ocrx_word' id='word_1_144' title='bbox 716 1864 902 1913; x_wconf 86' lang='lat' dir='ltr'>sacramenta</span> <span class='ocrx_word' id='word_1_145' title='bbox 928 1855 1193 1933; x_wconf 80' lang='lat' dir='ltr'>anpumerandum</span> <span class='ocrx_word' id='word_1_146' title='bbox 1214 1859 1303 1917; x_wconf 90' lang='lat' dir='ltr'>sancti</span> <span class='ocrx_word' id='word_1_147' title='bbox 1341 1908 1343 1913; x_wconf 92' lang='lat'><em>.</em></span> 
     </span>
     <span class='ocr_line' id='line_1_19' title="bbox 246 1934 1343 2027; baseline 0.003 -32"><span class='ocrx_word' id='word_1_148' title='bbox 246 1951 349 2020; x_wconf 88' lang='lat' dir='ltr'>patres</span> <span class='ocrx_word' id='word_1_149' title='bbox 372 1937 490 2009; x_wconf 86' lang='lat' dir='ltr'>nostri,</span> <span class='ocrx_word' id='word_1_150' title='bbox 509 1934 638 1994; x_wconf 87' lang='lat' dir='ltr'>eoncilia</span> <span class='ocrx_word' id='word_1_151' title='bbox 663 1948 694 1995; x_wconf 88' lang='lat' dir='ltr'>et</span> <span class='ocrx_word' id='word_1_152' title='bbox 715 1936 1065 1998; x_wconf 69' lang='lat' dir='ltr'>universalis&#39;Ecclesiae</span> <span class='ocrx_word' id='word_1_153' title='bbox 1079 1939 1206 2000; x_wconf 88' lang='lat' dir='ltr'>traditio</span> <span class='ocrx_word' id='word_1_154' title='bbox 1226 1961 1302 1999; x_wconf 90' lang='lat' dir='ltr'>sem·</span> <span class='ocrx_word' id='word_1_155' title='bbox 1340 1950 1343 2027; x_wconf 61' lang='lat' dir='ltr'>l</span> 
     </span>
     <span class='ocr_line' id='line_1_20' title="bbox 236 2017 1297 2103; baseline 0.004 -27"><span class='ocrx_word' id='word_1_156' title='bbox 236 2041 291 2103; x_wconf 92' lang='lat' dir='ltr'>per</span> <span class='ocrx_word' id='word_1_157' title='bbox 312 2018 500 2075; x_wconf 89' lang='lat' dir='ltr'>docuerunt:</span> <span class='ocrx_word' id='word_1_158' title='bbox 521 2017 665 2076; x_wconf 86' lang='lat' dir='ltr'>adversus</span> <span class='ocrx_word' id='word_1_159' title='bbox 696 2041 786 2098; x_wconf 90' lang='lat' dir='ltr'>quam</span> <span class='ocrx_word' id='word_1_160' title='bbox 808 2023 892 2101; x_wconf 88' lang='lat' dir='ltr'>impii</span> <span class='ocrx_word' id='word_1_161' title='bbox 911 2020 1047 2081; x_wconf 90' lang='lat' dir='ltr'>homines</span> <span class='ocrx_word' id='word_1_162' title='bbox 1061 2022 1159 2100; x_wconf 76' lang='lat' dir='ltr'>hujus</span> <span class='ocrx_word' id='word_1_163' title='bbox 1185 2023 1297 2081; x_wconf 86' lang='lat' dir='ltr'>saeculi</span> 
     </span>
     <span class='ocr_line' id='line_1_21' title="bbox 238 2098 1289 2182; baseline -0.002 -20"><span class='ocrx_word' id='word_1_164' title='bbox 238 2107 434 2174; x_wconf 87' lang='lat' dir='ltr'>insanientes,</span> <span class='ocrx_word' id='word_1_165' title='bbox 462 2118 526 2158; x_wconf 90' lang='lat' dir='ltr'>non</span> <span class='ocrx_word' id='word_1_166' title='bbox 542 2098 640 2158; x_wconf 91' lang='lat' dir='ltr'>solum</span> <span class='ocrx_word' id='word_1_167' title='bbox 658 2121 820 2182; x_wconf 87' lang='lat' dir='ltr'>perperam</span> <span class='ocrx_word' id='word_1_168' title='bbox 839 2104 881 2167; x_wconf 19' lang='lat' dir='ltr'>,de</span> <span class='ocrx_word' id='word_1_169' title='bbox 908 2103 972 2164; x_wconf 93' lang='lat' dir='ltr'>hoc</span> <span class='ocrx_word' id='word_1_170' title='bbox 993 2103 1144 2163; x_wconf 86' lang='lat' dir='ltr'>venerabili</span> <span class='ocrx_word' id='word_1_171' title='bbox 1185 2122 1289 2160; x_wconf 89' lang='lat' dir='ltr'>sacra-</span> 
     </span>
     <span class='ocr_line' id='line_1_22' title="bbox 239 2183 1282 2271; baseline -0.008 -22"><span class='ocrx_word' id='word_1_172' title='bbox 239 2197 342 2249; x_wconf 89' lang='lat' dir='ltr'>mento</span> <span class='ocrx_word' id='word_1_173' title='bbox 375 2195 554 2260; x_wconf 90' lang='lat' dir='ltr'>senserunt,</span> <span class='ocrx_word' id='word_1_174' title='bbox 584 2183 652 2242; x_wconf 81' lang='lat' dir='ltr'>sed</span> <span class='ocrx_word' id='word_1_175' title='bbox 673 2185 711 2243; x_wconf 92' lang='lat' dir='ltr'>de</span> <span class='ocrx_word' id='word_1_176' title='bbox 745 2207 829 2245; x_wconf 92' lang='lat' dir='ltr'>more</span> <span class='ocrx_word' id='word_1_177' title='bbox 859 2207 935 2263; x_wconf 89' lang='lat' dir='ltr'>suo,</span> <span class='ocrx_word' id='word_1_178' title='bbox 962 2198 1104 2271; x_wconf 82' lang='lat' dir='ltr'>praetextu</span> <span class='ocrx_word' id='word_1_179' title='bbox 1119 2183 1282 2266; x_wconf 82' lang='lat' dir='ltr'>Evangelii,</span> 
     </span>
     <span class='ocr_line' id='line_1_23' title="bbox 240 2267 1309 2355; baseline -0.006 -22"><span class='ocrx_word' id='word_1_180' title='bbox 240 2272 414 2333; x_wconf 88' lang='lat' dir='ltr'>libertatem</span> <span class='ocrx_word' id='word_1_181' title='bbox 438 2271 543 2355; x_wconf 37' lang='lat' dir='ltr'>carnis,</span> <span class='ocrx_word' id='word_1_182' title='bbox 563 2268 809 2348; x_wconf 87' lang='lat' dir='ltr'>introducentes,</span> <span class='ocrx_word' id='word_1_183' title='bbox 836 2271 992 2334; x_wconf 88' lang='lat' dir='ltr'>multaab</span> <span class='ocrx_word' id='word_1_184' title='bbox 1013 2269 1155 2333; x_wconf 83' lang='lat' dir='ltr'>Ecclesiae</span> <span class='ocrx_word' id='word_1_185' title='bbox 1174 2267 1286 2328; x_wconf 84' lang='lat' dir='ltr'>Catho-</span> <span class='ocrx_word' id='word_1_186' title='bbox 1308 2344 1309 2355; x_wconf 10' lang='grc' dir='ltr'>ἵ</span> 
     </span>
     <span class='ocr_line' id='line_1_24' title="bbox 240 2350 1293 2438; baseline -0.006 -21"><span class='ocrx_word' id='word_1_187' title='bbox 240 2357 317 2418; x_wconf 90' lang='lat' dir='ltr'>lieae</span> <span class='ocrx_word' id='word_1_188' title='bbox 344 2375 432 2415; x_wconf 89' lang='lat' dir='ltr'>sensu</span> <span class='ocrx_word' id='word_1_189' title='bbox 444 2399 454 2431; x_wconf 94' lang='lat'>,</span> <span class='ocrx_word' id='word_1_190' title='bbox 498 2367 528 2415; x_wconf 91' lang='lat' dir='ltr'>et</span> <span class='ocrx_word' id='word_1_191' title='bbox 558 2350 597 2413; x_wconf 95' lang='lat' dir='ltr'>ab</span> <span class='ocrx_word' id='word_1_192' title='bbox 617 2351 837 2438; x_wconf 88' lang='lat' dir='ltr'>Apostolorum</span> <span class='ocrx_word' id='word_1_193' title='bbox 862 2356 1056 2438; x_wconf 88' lang='lat' dir='ltr'>temporibus</span> <span class='ocrx_word' id='word_1_194' title='bbox 1076 2352 1203 2438; x_wconf 89' lang='lat' dir='ltr'>probata</span> <span class='ocrx_word' id='word_1_195' title='bbox 1215 2358 1293 2412; x_wconf 85' lang='lat' dir='ltr'>&#39;con-</span> 
     </span>
     <span class='ocr_line' id='line_1_25' title="bbox 241 2438 1293 2521; baseline -0.006 -19"><span class='ocrx_word' id='word_1_196' title='bbox 241 2440 403 2502; x_wconf 87' lang='lat' dir='ltr'>suetudine</span> <span class='ocrx_word' id='word_1_197' title='bbox 426 2438 523 2499; x_wconf 92' lang='lat' dir='ltr'>aliena</span> <span class='ocrx_word' id='word_1_198' title='bbox 538 2440 653 2521; x_wconf 91' lang='lat' dir='ltr'>scripto</span> <span class='ocrx_word' id='word_1_199' title='bbox 678 2450 707 2499; x_wconf 91' lang='lat' dir='ltr'>et</span> <span class='ocrx_word' id='word_1_200' title='bbox 724 2439 820 2500; x_wconf 88' lang='lat' dir='ltr'>verbo</span> <span class='ocrx_word' id='word_1_201' title='bbox 844 2452 1048 2516; x_wconf 90' lang='lat' dir='ltr'>asseruerunt,</span> <span class='ocrx_word' id='word_1_202' title='bbox 1066 2440 1198 2500; x_wconf 90' lang='lat' dir='ltr'>nonsine</span> <span class='ocrx_word' id='word_1_203' title='bbox 1211 2458 1293 2520; x_wconf 79' lang='lat' dir='ltr'>mag-</span> 
     </span>
     <span class='ocr_line' id='line_1_26' title="bbox 241 2520 1299 2604; baseline -0.004 -20"><span class='ocrx_word' id='word_1_204' title='bbox 241 2547 281 2585; x_wconf 88' lang='lat' dir='ltr'>na</span> <span class='ocrx_word' id='word_1_205' title='bbox 313 2524 426 2583; x_wconf 88' lang='lat' dir='ltr'>Christi</span> <span class='ocrx_word' id='word_1_206' title='bbox 458 2520 756 2604; x_wconf 75' lang='lat' dir='ltr'>fideliumjacturar</span> <span class='ocrx_word' id='word_1_207' title='bbox 794 2545 927 2604; x_wconf 89' lang='lat' dir='ltr'>quorum</span> <span class='ocrx_word' id='word_1_208' title='bbox 957 2527 1123 2585; x_wconf 87' lang='lat' dir='ltr'>temeritati</span> <span class='ocrx_word' id='word_1_209' title='bbox 1151 2534 1252 2582; x_wconf 90' lang='lat' dir='ltr'>sancta</span> <span class='ocrx_word' id='word_1_210' title='bbox 1270 2533 1299 2581; x_wconf 91' lang='lat' dir='ltr'>et</span> 
     </span>
     <span class='ocr_line' id='line_1_27' title="bbox 241 2607 1300 2692; baseline -0.004 -24"><span class='ocrx_word' id='word_1_211' title='bbox 241 2607 417 2668; x_wconf 88' lang='lat' dir='ltr'>universalis</span> <span class='ocrx_word' id='word_1_212' title='bbox 442 2607 584 2683; x_wconf 87' lang='lat' dir='ltr'>Synodus</span> <span class='ocrx_word' id='word_1_213' title='bbox 607 2610 729 2690; x_wconf 88' lang='lat' dir='ltr'>cupiens</span> <span class='ocrx_word' id='word_1_214' title='bbox 749 2629 910 2668; x_wconf 89' lang='lat' dir='ltr'>occurrere</span> <span class='ocrx_word' id='word_1_215' title='bbox 919 2628 939 2684; x_wconf 78' lang='lat'>,⁸</span> <span class='ocrx_word' id='word_1_216' title='bbox 964 2611 1148 2692; x_wconf 78' lang='lat' dir='ltr'>insigniores</span> <span class='ocrx_word' id='word_1_217' title='bbox 1186 2607 1300 2667; x_wconf 89' lang='lat' dir='ltr'>raedic-</span> 
     </span>
     <span class='ocr_line' id='line_1_28' title="bbox 214 2629 1301 2775; baseline -0.004 -21"><span class='ocrx_word' id='word_1_218' title='bbox 214 2706 344 2754; x_wconf 79' lang='lat' dir='ltr'>,torum</span> <span class='ocrx_word' id='word_1_219' title='bbox 383 2689 646 2751; x_wconf 89' lang='lat' dir='ltr'>schismaticorum</span> <span class='ocrx_word' id='word_1_220' title='bbox 676 2690 824 2751; x_wconf 86' lang='lat' dir='ltr'>haereses</span> <span class='ocrx_word' id='word_1_221' title='bbox 849 2704 880 2752; x_wconf 90' lang='lat' dir='ltr'>et</span> <span class='ocrx_word' id='word_1_222' title='bbox 902 2713 1053 2770; x_wconf 90' lang='lat' dir='ltr'>errores,</span> <span class='ocrx_word' id='word_1_223' title='bbox 1085 2715 1125 2753; x_wconf 91' lang='lat' dir='ltr'>ne</span> <span class='ocrx_word' id='word_1_224' title='bbox 1147 2629 1245 2775; x_wconf 76' lang='lat' dir='ltr'>plures</span> <span class='ocrx_word' id='word_1_225' title='bbox 1265 2690 1301 2750; x_wconf 89' lang='lat' dir='ltr'>ad</span> 
     </span>
     <span class='ocr_line' id='line_1_29' title="bbox 242 2774 1305 2858; baseline -0.002 -23"><span class='ocrx_word' id='word_1_226' title='bbox 242 2797 274 2836; x_wconf 92' lang='lat' dir='ltr'>se</span> <span class='ocrx_word' id='word_1_227' title='bbox 304 2774 404 2834; x_wconf 86' lang='lat' dir='ltr'>trahat</span> <span class='ocrx_word' id='word_1_228' title='bbox 434 2775 604 2857; x_wconf 91' lang='lat' dir='ltr'>perniciosa</span> <span class='ocrx_word' id='word_1_229' title='bbox 632 2795 738 2834; x_wconf 90' lang='lat' dir='ltr'>eorum</span> <span class='ocrx_word' id='word_1_230' title='bbox 755 2778 918 2858; x_wconf 81' lang='lat' dir='ltr'>contagio,</span> <span class='ocrx_word' id='word_1_231' title='bbox 944 2777 1192 2837; x_wconf 82' lang='lat' dir='ltr'>exterminandos</span> <span class='ocrx_word' id='word_1_232' title='bbox 1212 2777 1305 2855; x_wconf 76' lang='lat' dir='ltr'>duxit,</span> 
     </span>
     <span class='ocr_line' id='line_1_30' title="bbox 242 2856 1300 2942; baseline 0 -23"><span class='ocrx_word' id='word_1_233' title='bbox 242 2857 299 2919; x_wconf 88' lang='lat' dir='ltr'>bos</span> <span class='ocrx_word' id='word_1_234' title='bbox 326 2861 355 2917; x_wconf 89' lang='lat' dir='ltr'>iu</span> <span class='ocrx_word' id='word_1_235' title='bbox 373 2861 455 2941; x_wconf 89' lang='lat' dir='ltr'>ipsos</span> <span class='ocrx_word' id='word_1_236' title='bbox 478 2856 665 2935; x_wconf 87' lang='lat' dir='ltr'>haereticos,</span> <span class='ocrx_word' id='word_1_237' title='bbox 696 2880 866 2942; x_wconf 88' lang='lat' dir='ltr'>eorumque</span> <span class='ocrx_word' id='word_1_238' title='bbox 883 2879 1003 2921; x_wconf 87' lang='lat' dir='ltr'>errores</span> <span class='ocrx_word' id='word_1_239' title='bbox 1032 2860 1204 2924; x_wconf 88' lang='lat' dir='ltr'>decernens</span> <span class='ocrx_word' id='word_1_240' title='bbox 1237 2880 1300 2920; x_wconf 89' lang='lat' dir='ltr'>aua·</span> 
     </span>
     <span class='ocr_line' id='line_1_31' title="bbox 241 2943 456 3004; baseline -0.009 0"><span class='ocrx_word' id='word_1_241' title='bbox 241 2943 456 3004; x_wconf 88' lang='lat' dir='ltr'>thematismos.</span> 
     </span>
     <span class='ocr_line' id='line_1_32' title="bbox 328 3024 1296 3114; baseline 0.001 -28"><span class='ocrx_word' id='word_1_242' title='bbox 328 3043 353 3094; x_wconf 88' lang='lat'>1.</span> <span class='ocrx_word' id='word_1_243' title='bbox 374 3029 405 3086; x_wconf 93' lang='lat' dir='ltr'>B.</span> <span class='ocrx_word' id='word_1_244' title='bbox 448 3024 675 3087; x_wconf 89' lang='lat' dir='ltr'>EVARISTUS</span> <span class='ocrx_word' id='word_1_245' title='bbox 701 3032 841 3112; x_wconf 86' lang='lat' dir='ltr'>pontifex</span> <span class='ocrx_word' id='word_1_246' title='bbox 861 3041 892 3089; x_wconf 89' lang='lat' dir='ltr'>et</span> <span class='ocrx_word' id='word_1_247' title='bbox 911 3039 1027 3105; x_wconf 77' lang='lat' dir='ltr'>martyr</span> <span class='ocrx_word' id='word_1_248' title='bbox 1055 3031 1192 3114; x_wconf 87' lang='lat' dir='ltr'>epistola</span> <span class='ocrx_word' id='word_1_249' title='bbox 1214 3043 1242 3098; x_wconf 83' lang='lat'>1.</span> <span class='ocrx_word' id='word_1_250' title='bbox 1270 3025 1296 3087; x_wconf 86' lang='lat' dir='ltr'>ad</span> 
     </span>
     <span class='ocr_line' id='line_1_33' title="bbox 243 3110 1343 3194; baseline -0.001 -21"><span class='ocrx_word' id='word_1_251' title='bbox 243 3133 346 3173; x_wconf 90' lang='lat' dir='ltr'>omnes</span> <span class='ocrx_word' id='word_1_252' title='bbox 380 3113 549 3194; x_wconf 85' lang='lat' dir='ltr'>Episcopus</span> <span class='ocrx_word' id='word_1_253' title='bbox 567 3110 744 3180; x_wconf 82' lang='lat' dir='ltr'>Africanos:</span> <span class='ocrx_word' id='word_1_254' title='bbox 773 3113 922 3173; x_wconf 83' lang='lat' dir='ltr'>¹Similiter</span> <span class='ocrx_word' id='word_1_255' title='bbox 945 3115 1140 3176; x_wconf 90' lang='lat' dir='ltr'>custoditum</span> <span class='ocrx_word' id='word_1_256' title='bbox 1170 3128 1202 3176; x_wconf 89' lang='lat' dir='ltr'>et</span> <span class='ocrx_word' id='word_1_257' title='bbox 1217 3113 1295 3174; x_wconf 88' lang='lat' dir='ltr'>tradi·</span> <span class='ocrx_word' id='word_1_258' title='bbox 1341 3178 1343 3189; x_wconf 40' lang='grc' dir='ltr'>Ι</span> 
     </span>
     <span class='ocr_line' id='line_1_34' title="bbox 241 3196 1294 3282; baseline -0.001 -26"><span class='ocrx_word' id='word_1_259' title='bbox 241 3210 306 3256; x_wconf 92' lang='lat' dir='ltr'>tum</span> <span class='ocrx_word' id='word_1_260' title='bbox 326 3196 470 3256; x_wconf 88' lang='lat' dir='ltr'>habemus</span> <span class='ocrx_word' id='word_1_261' title='bbox 490 3196 529 3254; x_wconf 91' lang='lat' dir='ltr'>ab</span> <span class='ocrx_word' id='word_1_262' title='bbox 552 3197 726 3278; x_wconf 90' lang='lat' dir='ltr'>Apostolis,</span> <span class='ocrx_word' id='word_1_263' title='bbox 754 3211 790 3257; x_wconf 90' lang='lat' dir='ltr'>ut</span> <span class='ocrx_word' id='word_1_264' title='bbox 806 3218 885 3256; x_wconf 81' lang='lat' dir='ltr'>uxor</span> <span class='ocrx_word' id='word_1_265' title='bbox 901 3197 1034 3279; x_wconf 81' lang='lat' dir='ltr'>legitime</span> <span class='ocrx_word' id='word_1_266' title='bbox 1058 3202 1130 3259; x_wconf 86' lang='lat' dir='ltr'>viro</span> <span class='ocrx_word' id='word_1_267' title='bbox 1152 3203 1294 3282; x_wconf 77' lang='lat' dir='ltr'>jungatur·</span> 
     </span>
     <span class='ocr_line' id='line_1_35' title="bbox 241 3279 1343 3365; baseline 0.002 -26"><span class='ocrx_word' id='word_1_268' title='bbox 241 3280 339 3339; x_wconf 90' lang='lat' dir='ltr'>Aliter</span> <span class='ocrx_word' id='word_1_269' title='bbox 367 3284 446 3339; x_wconf 89' lang='lat' dir='ltr'>enim</span> <span class='ocrx_word' id='word_1_270' title='bbox 467 3279 632 3362; x_wconf 80' lang='lat' dir='ltr'>legitimum</span> <span class='ocrx_word' id='word_1_271' title='bbox 653 3286 731 3359; x_wconf 89' lang='lat' dir='ltr'>(uta</span> <span class='ocrx_word' id='word_1_272' title='bbox 749 3282 891 3365; x_wconf 88' lang='lat' dir='ltr'>patribus</span> <span class='ocrx_word' id='word_1_273' title='bbox 907 3284 1090 3364; x_wconf 87' lang='lat' dir='ltr'>accepimus,</span> <span class='ocrx_word' id='word_1_274' title='bbox 1118 3297 1152 3344; x_wconf 90' lang='lat' dir='ltr'>et</span> <span class='ocrx_word' id='word_1_275' title='bbox 1187 3300 1296 3345; x_wconf 89' lang='lat' dir='ltr'>asanc·</span> <span class='ocrx_word' id='word_1_276' title='bbox 1341 3318 1343 3341; x_wconf 71' lang='lat'>÷</span> 
     </span>
     <span class='ocr_line' id='line_1_36' title="bbox 241 3361 1343 3447; baseline 0.004 -23"><span class='ocrx_word' id='word_1_277' title='bbox 241 3367 280 3424; x_wconf 91' lang='lat' dir='ltr'>tis</span> <span class='ocrx_word' id='word_1_278' title='bbox 313 3361 489 3446; x_wconf 86' lang='lat' dir='ltr'>Apostolis,</span> <span class='ocrx_word' id='word_1_279' title='bbox 522 3386 689 3447; x_wconf 89' lang='lat' dir='ltr'>eorumque</span> <span class='ocrx_word' id='word_1_280' title='bbox 715 3367 942 3427; x_wconf 91' lang='lat' dir='ltr'>successoribus</span> <span class='ocrx_word' id='word_1_281' title='bbox 960 3368 1111 3426; x_wconf 87' lang='lat' dir='ltr'>traditum</span> <span class='ocrx_word' id='word_1_282' title='bbox 1132 3363 1296 3437; x_wconf 76' lang='lat' dir='ltr'>invenimus)</span> <span class='ocrx_word' id='word_1_283' title='bbox 1341 3364 1343 3375; x_wconf 82' lang='lat'>&#39;</span> 
     </span>
     <span class='ocr_line' id='line_1_37' title="bbox 242 3447 1298 3534; baseline -0.003 -25"><span class='ocrx_word' id='word_1_284' title='bbox 242 3470 302 3509; x_wconf 94' lang='lat' dir='ltr'>non</span> <span class='ocrx_word' id='word_1_285' title='bbox 325 3447 362 3507; x_wconf 86' lang='lat' dir='ltr'>fit</span> <span class='ocrx_word' id='word_1_286' title='bbox 381 3451 574 3530; x_wconf 78' lang='lat' dir='ltr'>eonjugium,</span> <span class='ocrx_word' id='word_1_287' title='bbox 596 3453 653 3510; x_wconf 93' lang='lat' dir='ltr'>nisi</span> <span class='ocrx_word' id='word_1_288' title='bbox 679 3450 718 3509; x_wconf 92' lang='lat' dir='ltr'>ab</span> <span class='ocrx_word' id='word_1_289' title='bbox 741 3450 811 3529; x_wconf 92' lang='lat' dir='ltr'>his,</span> <span class='ocrx_word' id='word_1_290' title='bbox 845 3454 897 3532; x_wconf 91' lang='lat' dir='ltr'>qui</span> <span class='ocrx_word' id='word_1_291' title='bbox 918 3472 1009 3532; x_wconf 89' lang='lat' dir='ltr'>super</span> <span class='ocrx_word' id='word_1_292' title='bbox 1030 3455 1130 3534; x_wconf 92' lang='lat' dir='ltr'>ipsam</span> <span class='ocrx_word' id='word_1_293' title='bbox 1154 3454 1298 3513; x_wconf 81' lang='lat' dir='ltr'>foeminam</span> 
     </span>
     <span class='ocr_line' id='line_1_38' title="bbox 244 3533 1297 3614; baseline 0 -22"><span class='ocrx_word' id='word_1_294' title='bbox 244 3535 483 3592; x_wconf 88' lang='lat' dir='ltr'>dominationem</span> <span class='ocrx_word' id='word_1_295' title='bbox 496 3533 647 3609; x_wconf 17' lang='lat' dir='ltr'>*videntur</span> <span class='ocrx_word' id='word_1_296' title='bbox 661 3535 791 3613; x_wconf 88' lang='lat' dir='ltr'>habere,</span> <span class='ocrx_word' id='word_1_297' title='bbox 810 3549 839 3595; x_wconf 91' lang='lat' dir='ltr'>et</span> <span class='ocrx_word' id='word_1_298' title='bbox 859 3557 877 3595; x_wconf 90' lang='lat' dir='ltr'>a</span> <span class='ocrx_word' id='word_1_299' title='bbox 901 3535 1014 3614; x_wconf 90' lang='lat' dir='ltr'>quibus</span> <span class='ocrx_word' id='word_1_300' title='bbox 1037 3537 1232 3614; x_wconf 91' lang='lat' dir='ltr'>custoditur,</span> <span class='ocrx_word' id='word_1_301' title='bbox 1240 3549 1297 3594; x_wconf 79' lang='lat' dir='ltr'>uror</span> 
     </span>
     <span class='ocr_line' id='line_1_39' title="bbox 268 3619 1298 3702; baseline 0.003 -26"><span class='ocrx_word' id='word_1_302' title='bbox 268 3630 382 3693; x_wconf 88' lang='lat' dir='ltr'>etatur,</span> <span class='ocrx_word' id='word_1_303' title='bbox 402 3630 433 3677; x_wconf 90' lang='lat' dir='ltr'>et</span> <span class='ocrx_word' id='word_1_304' title='bbox 453 3620 669 3701; x_wconf 83' lang='lat' dir='ltr'>aparentibus</span> <span class='ocrx_word' id='word_1_305' title='bbox 696 3632 747 3689; x_wconf 84' lang='lat' dir='ltr'>aut</span> <span class='ocrx_word' id='word_1_306' title='bbox 766 3619 1044 3702; x_wconf 81' lang='lat' dir='ltr'>propinquioribus</span> <span class='ocrx_word' id='word_1_307' title='bbox 1067 3636 1260 3702; x_wconf 87' lang='lat' dir='ltr'>sponsetur,</span> <span class='ocrx_word' id='word_1_308' title='bbox 1276 3623 1298 3673; x_wconf 74' lang='lat' dir='ltr'>tt</span> 
     </span>
     <span class='ocr_line' id='line_1_40' title="bbox 242 3640 1296 3788; baseline -0.001 -27"><span class='ocrx_word' id='word_1_309' title='bbox 242 3640 360 3786; x_wconf 76' lang='lat' dir='ltr'>legibus</span> <span class='ocrx_word' id='word_1_310' title='bbox 383 3703 526 3777; x_wconf 89' lang='lat' dir='ltr'>dotetur,</span> <span class='ocrx_word' id='word_1_311' title='bbox 553 3706 660 3763; x_wconf 74' lang='lat' dir='ltr'>et‘suo</span> <span class='ocrx_word' id='word_1_312' title='bbox 680 3717 819 3788; x_wconf 89' lang='lat' dir='ltr'>tempore</span> <span class='ocrx_word' id='word_1_313' title='bbox 843 3703 1075 3764; x_wconf 88' lang='lat' dir='ltr'>sacerdotaliter</span> <span class='ocrx_word' id='word_1_314' title='bbox 1100 3711 1148 3782; x_wconf 81' lang='lat' dir='ltr'>(ut</span> <span class='ocrx_word' id='word_1_315' title='bbox 1167 3728 1236 3766; x_wconf 90' lang='lat' dir='ltr'>mos</span> <span class='ocrx_word' id='word_1_316' title='bbox 1254 3701 1296 3773; x_wconf 81' lang='lat' dir='ltr'>cst)</span> 
     </span>
     <span class='ocr_line' id='line_1_41' title="bbox 83 3787 1294 3871; baseline 0.003 -23"><span class='ocrx_word' id='word_1_317' title='bbox 83 3821 216 3864; x_wconf 49' lang='lat' dir='ltr'>Media„</span> <span class='ocrx_word' id='word_1_318' title='bbox 244 3810 313 3849; x_wconf 91' lang='lat' dir='ltr'>eum</span> <span class='ocrx_word' id='word_1_319' title='bbox 332 3787 478 3871; x_wconf 89' lang='lat' dir='ltr'>precibus</span> <span class='ocrx_word' id='word_1_320' title='bbox 506 3797 536 3847; x_wconf 91' lang='lat' dir='ltr'>et</span> <span class='ocrx_word' id='word_1_321' title='bbox 555 3787 781 3865; x_wconf 90' lang='lat' dir='ltr'>oblationibus,</span> <span class='ocrx_word' id='word_1_322' title='bbox 814 3811 832 3848; x_wconf 93' lang='lat' dir='ltr'>a</span> <span class='ocrx_word' id='word_1_323' title='bbox 854 3788 1011 3849; x_wconf 89' lang='lat' dir='ltr'>sacerdote</span> <span class='ocrx_word' id='word_1_324' title='bbox 1028 3788 1294 3863; x_wconf 69' lang='lat' dir='ltr'>benedicam-,et</span> 
     </span>
     <span class='ocr_line' id='line_1_42' title="bbox 44 3871 1298 3956; baseline -0.002 -22"><span class='ocrx_word' id='word_1_325' title='bbox 44 3872 262 3943; x_wconf 61' lang='lat' dir='ltr'>,›¹⁸⁰⁰“¹⁰⁸²¹³⁸·a</span> <span class='ocrx_word' id='word_1_326' title='bbox 288 3871 504 3956; x_wconf 82' lang='lat' dir='ltr'>paranymphis</span> <span class='ocrx_word' id='word_1_327' title='bbox 531 3878 582 3945; x_wconf 92' lang='lat' dir='ltr'>(ut</span> <span class='ocrx_word' id='word_1_328' title='bbox 616 3875 805 3933; x_wconf 88' lang='lat' dir='ltr'>consuetudo</span> <span class='ocrx_word' id='word_1_329' title='bbox 831 3874 932 3949; x_wconf 85' lang='lat' dir='ltr'>docet)</span> <span class='ocrx_word' id='word_1_330' title='bbox 961 3872 1120 3934; x_wconf 89' lang='lat' dir='ltr'>custodita</span> <span class='ocrx_word' id='word_1_331' title='bbox 1147 3890 1183 3936; x_wconf 91' lang='lat' dir='ltr'>et</span> <span class='ocrx_word' id='word_1_332' title='bbox 1210 3886 1298 3937; x_wconf 74' lang='lat' dir='ltr'>conss·</span> 
     </span>
     <span class='ocr_line' id='line_1_43' title="bbox 245 3957 1303 4043; baseline -0.004 -26"><span class='ocrx_word' id='word_1_333' title='bbox 245 3961 346 4032; x_wconf 87' lang='lat' dir='ltr'>eiata,</span> <span class='ocrx_word' id='word_1_334' title='bbox 380 3980 396 4017; x_wconf 90' lang='lat' dir='ltr'>a</span> <span class='ocrx_word' id='word_1_335' title='bbox 427 3958 573 4040; x_wconf 86' lang='lat' dir='ltr'>proximis</span> <span class='ocrx_word' id='word_1_336' title='bbox 602 3971 739 4038; x_wconf 88' lang='lat' dir='ltr'>tempore</span> <span class='ocrx_word' id='word_1_337' title='bbox 769 3964 909 4041; x_wconf 75' lang='lat' dir='ltr'>congruo</span> <span class='ocrx_word' id='word_1_338' title='bbox 933 3960 1046 4040; x_wconf 87' lang='lat' dir='ltr'>petita,</span> <span class='ocrx_word' id='word_1_339' title='bbox 1074 3957 1207 4043; x_wconf 82' lang='lat' dir='ltr'>legibus</span> <span class='ocrx_word' id='word_1_340' title='bbox 1232 3958 1303 4018; x_wconf 82' lang='lat' dir='ltr'>dote·</span> 
     </span>
     <span class='ocr_line' id='line_1_44' title="bbox 245 4038 1306 4122; baseline 0 -22"><span class='ocrx_word' id='word_1_341' title='bbox 245 4054 313 4116; x_wconf 88' lang='lat' dir='ltr'>tur,</span> <span class='ocrx_word' id='word_1_342' title='bbox 344 4054 374 4100; x_wconf 92' lang='lat' dir='ltr'>et</span> <span class='ocrx_word' id='word_1_343' title='bbox 393 4043 567 4102; x_wconf 88' lang='lat' dir='ltr'>solemniter</span> <span class='ocrx_word' id='word_1_344' title='bbox 585 4044 774 4122; x_wconf 88' lang='lat' dir='ltr'>accipiatur,</span> <span class='ocrx_word' id='word_1_345' title='bbox 809 4057 839 4101; x_wconf 90' lang='lat' dir='ltr'>et</span> <span class='ocrx_word' id='word_1_346' title='bbox 858 4041 954 4102; x_wconf 90' lang='lat' dir='ltr'>biduo</span> <span class='ocrx_word' id='word_1_347' title='bbox 974 4042 1022 4102; x_wconf 82' lang='lat' dir='ltr'>rel</span> <span class='ocrx_word' id='word_1_348' title='bbox 1040 4044 1155 4105; x_wconf 87' lang='lat' dir='ltr'>triduo</span> <span class='ocrx_word' id='word_1_349' title='bbox 1173 4038 1306 4106; x_wconf 67' lang='lat' dir='ltr'>orationi·</span> 
     </span>
     <span class='ocr_line' id='line_1_45' title="bbox 245 4122 1323 4204; baseline 0.001 -20"><span class='ocrx_word' id='word_1_350' title='bbox 245 4124 304 4184; x_wconf 86' lang='lat' dir='ltr'>hus</span> <span class='ocrx_word' id='word_1_351' title='bbox 335 4139 459 4204; x_wconf 85' lang='lat' dir='ltr'>vacent,</span> <span class='ocrx_word' id='word_1_352' title='bbox 504 4140 534 4188; x_wconf 90' lang='lat' dir='ltr'>et</span> <span class='ocrx_word' id='word_1_353' title='bbox 569 4127 737 4187; x_wconf 88' lang='lat' dir='ltr'>castitatem</span> <span class='ocrx_word' id='word_1_354' title='bbox 771 4127 970 4201; x_wconf 91' lang='lat' dir='ltr'>custodiant,</span> <span class='ocrx_word' id='word_1_355' title='bbox 999 4138 1034 4187; x_wconf 89' lang='lat' dir='ltr'>ut</span> <span class='ocrx_word' id='word_1_356' title='bbox 1058 4125 1168 4189; x_wconf 89' lang='lat' dir='ltr'>bonae</span> <span class='ocrx_word' id='word_1_357' title='bbox 1199 4122 1323 4189; x_wconf 64' lang='lat' dir='ltr'>sobole</span> 
     </span>
    </p>
   </div>
   <div class='ocr_carea' id='block_1_3' title="bbox 248 4208 1310 4298">
    <p class='ocr_par' dir='ltr' id='par_1_3' title="bbox 248 4208 1310 4298">
     <span class='ocr_line' id='line_1_46' title="bbox 248 4208 1310 4298; baseline 0 -27"><span class='ocrx_word' id='word_1_358' title='bbox 248 4223 447 4296; x_wconf 77' lang='lat' dir='ltr'>generentur,</span> <span class='ocrx_word' id='word_1_359' title='bbox 479 4223 513 4276; x_wconf 91' lang='lat' dir='ltr'>ct</span> <span class='ocrx_word' id='word_1_360' title='bbox 539 4211 676 4278; x_wconf 86' lang='lat' dir='ltr'>Domino</span> <span class='ocrx_word' id='word_1_361' title='bbox 709 4212 743 4273; x_wconf 88' lang='lat' dir='ltr'>in</span> <span class='ocrx_word' id='word_1_362' title='bbox 769 4208 887 4273; x_wconf 82' lang='lat' dir='ltr'>actibus</span> <span class='ocrx_word' id='word_1_363' title='bbox 913 4214 976 4272; x_wconf 87' lang='lat' dir='ltr'>suis</span> <span class='ocrx_word' id='word_1_364' title='bbox 1007 4210 1165 4298; x_wconf 81' lang='lat' dir='ltr'>placeant.</span> <span class='ocrx_word' id='word_1_365' title='bbox 1210 4209 1310 4295; x_wconf 61' lang='grc' dir='ltr'>Μίαν</span> 
     </span>
    </p>
   </div>
   <div class='ocr_carea' id='block_1_4' title="bbox 0 0 1408 4792">
    <p class='ocr_par' dir='ltr' id='par_1_4' title="bbox 0 0 1408 4792">
     <span class='ocr_line' id='line_1_47' title="bbox 0 0 1408 4792; baseline 0 0"><span class='ocrx_word' id='word_1_366' title='bbox 0 0 1408 4792; x_wconf 95' lang='lat' dir='ltr'> </span> 
     </span>
    </p>
   </div>
  </div>
 </body>
</html>
