2790 4792
355 267 775 394 'sarriana
982 402 985 407 ¹
1089 330 1151 401 ω·

79 517 196 592 citatis,
219 506 375 597 quaesit:
417 515 480 590 Qui
509 512 592 574 lotus
618 523 682 589 est,
703 510 832 573 mundus
847 523 895 572 est
918 523 1014 573 totus.
1055 510 1142 571 Nihil

85 621 162 682 ergo
185 607 212 659 ei
237 601 404 681 depeecati
415 602 462 660 sui
481 599 663 680 contagione
674 607 814 674 remanet,
836 618 923 678 quem
937 597 1141 658 totumfate-

82 697 139 746 tur
157 685 307 743 mundum
328 686 398 765 ipse,
409 683 620 766 qui'redemit.
935 724 938 731 ·

171 781 200 836 9.
240 767 508 830 HIERONYMUS
536 769 567 824 in
593 765 682 848 epist.
706 777 760 831 83.
781 763 820 824 ad
850 764 974 826 Oceanr
1019 764 1316 854 Omnia,⁰¹³¹¹it⁰,‘¹¹³i·

84 855 205 933 inquit,
237 852 325 912 nobis
351 858 380 912 in
408 853 591 935 baptismate
617 848 790 909 condonata
812 860 882 908 sunt
905 852 1052 909 crimina:
1084 828 1183 924 aecii.
1201 828 1243 906 wlf
1261 827 1315 904 'ht‘

83 949 158 1018 post
183 935 398 1018 indulgentiam
434 937 547 1018 judicis
569 945 615 992 est
637 932 798 992 metuenda
829 930 985 1010 severitis,
1019 913 1302 1007 dicente'ffl‘m’ll·

82 1019 258 1086 Apostolo:
279 1022 321 1080 Et
336 1020 411 1082 haec
423 1020 548 1101 quidem
571 1017 681 1092 fuistis,
704 1017 759 1076 sed
772 1015 873 1074 abluti
885 1019 964 1092 estis,
986 1018 1039 1077 sed
1054 1037 1142 1075 sanc-

80 1103 195 1164 tificatr‘
214 1107 301 1179 estis,
336 1107 391 1166 sed
423 1100 582 1185 justificati
614 1103 684 1160 estis
708 1103 741 1159 in
771 1101 893 1158 nomine
927 1101 1041 1159 domini
1069 1102 1142 1158 lesu

81 1187 207 1263 Christi,
230 1199 261 1247 et
276 1179 307 1247 in
326 1193 440 1273 spiritu
451 1188 509 1244 Dei
526 1184 634 1243 nostri.
678 1185 787 1247 Omnia
798 1195 922 1265 peccata
933 1185 1044 1243 donata
1057 1196 1142 1242 sunt:

79 1271 158 1332 bene
185 1285 215 1331 et
246 1270 391 1334 fideliter.
434 1271 477 1330 Et
512 1267 606 1349 paulo
641 1280 729 1351 post:
772 1268 926 1341 Quantam
952 1269 1012 1325 vim
1035 1266 1145 1325 habeat

79 1355 231 1438 baptisma
253 1367 284 1414 et
301 1375 382 1436 aqua
404 1358 437 1412 in
458 1351 632 1413 CHRtSTo
656 1348 840 1412 sanctificata
860 1351 992 1431 gratiam,
1011 1348 1144 1408 docebo:

79 1439 178 1500 Rudis
199 1438 346 1512 mundus,
367 1437 498 1501 necdum
514 1435 579 1494 sole
593 1435 750 1511 rutilante,
768 1455 825 1495 nee
845 1433 974 1514 pallente
996 1432 1077 1507 luna,
1092 1452 1145 1492 nec
1158 1445 1240 1506 aem
1252 1457 1270 1493 i.
1279 1453 1302 1494 2.

79 1525 170 1584 astris
198 1520 403 1593 micantibus,
444 1521 673 1602 incompositam
702 1530 731 1578 et
748 1517 946 1578 'invisibilem
980 1497 1318 1595 materiam,}⁹}2⁶„¹,¹1‘,“⁸⁵²¹''

76 1608 268 1680 abyssorum
290 1623 337 1660 ma
359 1602 494 1662 nitudine
516 1614 544 1662 et
572 1602 761 1664 deformibus
777 1602 912 1662 tenebris
943 1600 1144 1683 opprimebat.

79 1690 176 1748 Solus
195 1687 322 1765 spiritus
340 1625 400 1745 itai
423 1690 453 1745 in
468 1689 587 1769 aurigae
606 1688 731 1747 modum
744 1707 845 1768 ¹super
867 1706 960 1767 aquas
980 1684 1145 1762 ferebatur,

41 1839 46 1844 ,
81 1783 115 1831 ct
144 1780 317 1828 nascentem
345 1771 487 1830 mundum
519 1773 550 1830 in
572 1768 671 1854 figura
694 1770 835 1853 baptismi
868 1769 1059 1852 parturiebat
1088 1781 1143 1828 etc.

76 1855 196 1916 Peccat
215 1853 346 1912 mundus
367 1865 396 1913 et
415 1857 477 1915 sine
489 1875 635 1936 aquarum
657 1856 776 1915 diluvio
794 1876 856 1914 non
869 1867 1030 1936 purgatur.
1074 1854 1213 1913 sta-e...
1227 1870 1315 1913 rats·

74 1941 200 2017 timque
221 1936 360 1997 columba
379 1933 505 2021 spiritns
523 1943 627 2017 sancti,
655 1961 689 1999 ex
713 1939 780 1999 also
805 1940 875 1999 alite
903 1941 1076 2014 teterrimo,
1100 1940 1142 1998 ita

79 2023 118 2084 ad
142 2020 210 2079 Noe
234 2023 319 2101 qnasi
341 2022 377 2081 ad
398 2022 551 2082 Christum
573 2027 604 2084 in
623 1961 758 2084 iordane
774 2022 964 2083 devolat:,et
982 2043 1068 2082 ramo
1080 2043 1142 2081 re·

77 2105 223 2166 sectionis
258 2125 292 2163 ac
312 2104 445 2183 luminis,
466 2129 569 2192 pacem
603 2107 675 2170 orbi
706 2110 877 2167 annunciat.
922 2096 1042 2168 Pharao
1070 2127 1138 2165 cum

79 2189 209 2249 exercitu
233 2209 300 2265 suo,
324 2191 427 2251 nolens
448 2193 592 2275 populum
610 2193 671 2251 Dei
691 2195 773 2251 exire
788 2192 826 2250 de
845 2191 996 2274 Aegypto,
1019 2193 1050 2248 in
1064 2202 1139 2270 typo
1151 2190 1314 2280 {imi-¹⁶³¹·

80 2273 266 2354 baptismatis
287 2274 458 2336 suffocatur.
501 2278 543 2336 Et
567 2276 659 2359 plura
682 2276 738 2334 alia
766 2278 983 2355 exscriptoris
1006 2275 1139 2354 copiose.
1165 2255 1187 2295 ‘¹'

165 2369 220 2422 tos
257 2357 491 2420 GRECORIUS
518 2361 591 2419 Nan.
622 2361 654 2416 in
681 2371 755 2418 orat.
789 2361 819 2416 in
846 2369 937 2416 sanct.
971 2356 1138 2415 lavacrum:

77 2439 263 2500 Illuminatio
284 2442 429 2525 splendor
452 2456 496 2504 es't
517 2446 695 2516 animarum,
716 2440 794 2501 vitae
819 2440 987 2512 translatio,
1009 2440 1143 2518 inquisi-

76 2527 134 2599 tio,
156 2545 323 2606 perquam
349 2528 388 2587 ad
418 2529 519 2586 Deum
544 2527 731 2585 conscientia
759 2522 930 2584 attollitur:
961 2522 1234 2596 illuminatiovffi,
1252 2556 1313 2597 m,

77 2608 272 2668 adiutorium·
287 2624 409 2670 nostrae
430 2618 477 2669 est
505 2608 739 2668 imbecillitatis:
776 2608 954 2667 illuminatio
977 2609 1074 2666 carnis
1094 2605 1223 2667 est⁸⁶¹¹¹ir
1253 2607 1301 2649 ¹¹1⁸·

75 2691 225 2767 abiectio,
262 2697 385 2776 spiritus
411 2692 542 2768 assecla,
574 2695 699 2753 rationis
729 2695 941 2775 participatio,
977 2693 1138 2751 creationis

75 2776 258 2849 emendatio,
276 2779 396 2858 peccati
417 2776 582 2859 diluvium,
596 2774 718 2837 luminis
733 2780 975 2852 communicatio,
997 2775 1140 2836 tenebra-
1165 2778 1169 2787 ’

73 2881 144 2921 rum
156 2859 335 2920 dissolutio:
357 2860 534 2922 illuminatio
557 2862 595 2922 ad
606 2863 706 2922 Deum
719 2875 763 2923 est
776 2861 956 2936 vehiculum,
979 2861 1139 2919 CHRISTI

94 2945 292 3027 eregrinatio,
310 2942 381 3002 fidei
402 2947 646 3024 sustentaculum,
667 2949 774 3006 mentis
785 2947 946 3029 perfectio,
968 2947 1140 3026 regnieae·

72 2966 176 3089 lhrurn
199 3027 306 3108 gloria,
326 3029 404 3086 vitae
417 3035 608 3109 permutatio,
633 3034 784 3090 servitutis
800 3031 923 3103 ablatio,
944 3027 1139 3086 vinculorum

73 3114 211 3185 solutio,
236 3109 380 3169 foederis.
392 3119 605 3176 commutatio:
637 3116 817 3174 illuminatio
841 3113 929 3192 (quid
951 3130 1072 3168 necesse
1095 3122 1140 3168 est
1159 3141 1161 3144 ·

72 3198 163 3280 plura
185 3195 404 3270 enumeraret)
428 3216 461 3255 ex
481 3201 538 3258 Dei
552 3201 640 3260 donis
666 3212 711 3259 est
728 3198 953 3280 pulcherimum
973 3205 1004 3252 et
1021 3195 1139 3274 magni-

72 3279 315 3342 ficentissimum.
358 3280 620 3354 Quemadmodum
647 3283 797 3364 quaedam
820 3290 922 3339 sancta
944 3276 1138 3358 appellantur

73 3379 272 3438 sanctorum,
295 3376 349 3424 aut
382 3363 467 3445 quod
489 3366 676 3427 excellentius
711 3379 740 3426 et
765 3367 858 3446 magis
890 3364 1052 3444 proprium
1084 3372 1157 3435 est,-

71 3451 194 3509 cantica
212 3451 425 3508 canticorum:
455 3450 495 3507 ita
518 3462 548 3509 et
568 3450 617 3509 illa
644 3450 784 3510 omnibus
811 3448 953 3528 reliquis,
978 3447 1030 3525 qui
1053 3445 1136 3527 apud

69 3554 130 3593 nos
151 3545 231 3605 sunt,
256 3531 472 3613 splendoribus
495 3545 540 3592 est
561 3537 700 3594 sanctior.
744 3533 883 3592 Vocatur
904 3542 1001 3590 autern
1021 3530 1136 3588 donum

69 3616 153 3690 bne,
176 3617 433 3696 quemadmodum
463 3629 493 3675 ct
520 3617 608 3676 dator
633 3621 700 3698 ejus
730 3616 944 3690 CHRISTUS,
977 3613 1136 3675 multisac
1164 3664 1167 3673 .

68 3703 162 3761 variis
186 3701 374 3760 nominibus:
399 3704 461 3760 sive
479 3701 510 3759 id
529 3701 620 3761 nobis
643 3702 683 3760 ob
714 3701 923 3761 exuberantem
945 3701 989 3757 rei
1019 3698 1136 3761 accidat
1173 3700 1176 3705 ’

70 3783 226 3856 laetitiam,
253 3785 461 3862 (delectantur
478 3788 566 3861 enirn,
590 3786 645 3866 qui
663 3785 791 3865 alicujus
812 3788 855 3844 rei
872 3804 980 3866 magno
992 3794 1136 3842 tenentur

72 3889 182 3944 tinore,
201 3870 339 3948 jucunde
355 3871 437 3929 circa
458 3869 538 3929 illins
558 3871 673 3929 versari
691 3871 827 3945 nomina)
846 3869 907 3926 sive
931 3867 1014 3948 quod
1039 3865 1326 3946 bene-napitsmtaoae

73 3948 139 4012 licia
163 3955 325 4012 innumera
346 3953 435 4012 nobis
460 3955 742 4015 denominationum
753 3952 976 4014 multitudinem
1002 3963 1130 4014 struant.
1144 3948 1206 3976 “¹¹⁰⁸
1224 3941 1293 3973 '¹¹¹⁸'

74 4032 195 4110 Donum
207 4038 301 4118 igitur
310 4037 503 4118 appellamus,
517 4036 710 4113 beneficium,
721 4036 878 4121 baptisma,
892 4037 1077 4109 unctionem,
1091 4033 1131 4093 il·
1199 4064 1201 4069 s

71 4113 306 4194 luminationem,
320 4123 552 4202 incorruptionis
563 4124 785 4198 indumentum,
800 4121 1035 4206 regenerationis
1050 4118 1131 4176 lava-

71 4221 169 4283 crum,
190 4203 393 4290 signaculum,
414 4225 504 4267 omne
525 4208 917 4291 quodeunquepreciosum
932 4202 1130 4284 :serdonum
1159 4210 1162 4214 “
