2790 4792
279 354 361 434 240
417 331 421 338 ’
463 299 831 418 nu'sslcmrmuro
855 352 1167 422 noculmsmnu
1210 376 1213 381 ·

101 563 130 603 ru
149 561 269 623 animm*
282 541 381 624 quido
405 552 543 626 apparet,
562 535 687 622 quando
706 540 839 624 primum
861 552 1047 624 acceperunt
1074 541 1218 626 discipuli
1238 546 1356 630 c'orpru

102 612 312 712 ἷξξξζᾞοξέξζεῐ
332 629 507 710 sanguinem
524 625 660 700 Domini,
688 645 750 683 non
770 645 822 684 eos
849 627 998 708 accepisse
1021 628 1147 687 ieiunos.
1191 628 1375 713 Numquid·

103 710 191 799 oppilet
209 711 268 750 acer·
281 716 387 773 tamen
402 720 566 793 propterea
581 707 823 767 calumniandum
842 723 887 770 est
904 712 1064 775 universae
1081 710 1247 789 Ecclesiae,
1268 714 1366 796 quod·
1388 762 1391 771 .

103 770 118 812 P
169 785 176 798 ’
280 797 429 856 aieiunis
453 815 572 875 semper
599 792 773 874 accipitur?
814 792 860 852 Ex
886 793 947 853 hoc
977 797 1055 854 enim
1078 794 1196 878 placuit
1223 797 1366 880 spiritui·

280 893 405 954 sancto,
433 890 468 937 ut
501 880 532 936 in
563 877 713 936 honorem
740 878 818 936 tanti
847 881 1025 939 sacramenti
1058 880 1090 938 in
1121 901 1157 941 os
1184 879 1356 945 Christiani

279 967 368 1047 prius
392 963 588 1021 Dominicum
617 981 730 1043 corpus
754 962 890 1036 intraret,
913 983 1002 1044 quam
1032 966 1124 1022 exteri
1157 964 1230 1023 cibi.
1275 966 1362 1051 Nam,

280 1048 350 1108 ideo
369 1068 426 1128 per
447 1048 622 1105 universum
648 1044 757 1104 orbem
775 1066 840 1105 mos
865 1049 921 1105 iste
951 1059 1097 1106 servatur.
1139 1045 1250 1130 Neque
1272 1052 1353 1113 euim

283 1134 355 1214 quia
381 1142 452 1212 post
470 1130 556 1189 cibos
569 1129 654 1188 dedit
668 1129 830 1204 Dominus,
849 1142 1015 1212 propterea
1036 1133 1137 1213 pransi
1156 1146 1210 1192 aut
1232 1137 1352 1195 coenati

283 1218 393 1276 fratres
417 1214 457 1274 ad
482 1213 561 1275 illud
580 1227 798 1273 sacramentum
818 1214 1026 1297 accipiendum
1041 1219 1205 1275 convenire
1226 1217 1351 1296 debent,

106 1327 128 1369 t·
141 1323 195 1364 cor.
217 1324 257 1366 rr,
284 1312 336 1360 aut
357 1301 437 1358 sicut
455 1298 615 1372 faciebant,
639 1319 717 1379 quos
732 1296 900 1380 Apostolus
921 1303 1023 1381 arguit
1044 1311 1073 1358 et
1094 1301 1244 1377 emendat,
1265 1325 1352 1363 men-

102 1376 272 1463 fflscffi'm,
283 1387 323 1445 sis
353 1386 414 1442 suis
446 1386 502 1442 ista
531 1384 665 1441 miscere.
719 1381 857 1463 Namque
886 1381 1036 1458 Salvator,
1059 1405 1120 1463 quo
1144 1385 1351 1448 vehementius

22 1480 25 1489 ¹
106 1475 161 1522 ΡΜ*
179 1479 272 1508 ⁰⁰²¹¹⁸¹¹¹
283 1468 510 1529 commendaret
531 1469 663 1541 mysterii
684 1465 764 1526 illius
786 1467 994 1539 altitudinem,
1010 1467 1149 1527 ultimum
1169 1469 1233 1530 hoc
1256 1471 1353 1532 voluit

109 1530 195 1569 corpus
224 1524 246 1556 et

108 1568 241 1619 sauguinem
283 1551 410 1635 infigere
436 1552 584 1611 cordibus
613 1563 643 1610 et
670 1552 829 1611 memoriae
862 1551 1138 1633 discipulorum,a
1170 1553 1289 1635 quibus
1312 1556 1351 1615 ad

104 1617 240 1719 ssl‘ll‘llll.
269 1640 454 1719 *passionem
472 1635 662 1718 digressurus
676 1647 747 1695 erat.
792 1635 833 1695 Et
852 1639 920 1694 ideo
944 1656 1006 1693 non
1027 1639 1194 1718 praecepit,
1216 1660 1280 1720 quo
1296 1640 1352 1698 de·

109 1714 271 1803 ,fflg‘gnfif
282 1724 392 1802 inceps·
410 1720 519 1779 ordine
539 1730 718 1794 sumeretur,
736 1730 771 1777 ut
784 1719 947 1801 Apostolis,
959 1740 1015 1801 per
1031 1740 1107 1801 quos
1121 1721 1264 1797 ecclesias
1284 1723 1361 1783 dis-·

107 1810 240 1898 mt¹¹it²¹¹3¹31
282 1808 436 1887 positurus
454 1804 528 1880 erat,
549 1801 787 1863 servaret-'hunc
811 1805 921 1864 locum.
960 1803 1035 1862 Nam
1060 1806 1085 1863 si
1117 1804 1179 1866 hoc
1202 1805 1254 1867 ille
1279 1829 1349 1868 mo-

104 1862 258 1965 iilllln*
281 1892 405 1964 nuisset,
418 1901 455 1948 ut
470 1886 648 1969 postcibos
671 1886 745 1946 alios
763 1906 883 1969 semper
902 1889 1108 1971 acciperetur,
1136 1888 1242 1951 credo
1262 1891 1350 1974 quod

102 1958 233 2012 mmm·
282 1990 351 2034 eunt
372 1970 487 2033 morem
517 1992 604 2029 nemo
626 1973 787 2031 varia'ssee

363 2071 392 2125 4.
437 2055 645 2115 ORIGENES
669 2057 700 2113 in
722 2055 857 2114 diversos
878 2055 1023 2138 evangelii
1049 2056 1146 2133 locos,
1172 2056 1276 2118 homil.
1294 2071 1344 2124 5.:

281 2142 414 2219 Quando
436 2152 573 2201 sanetum
595 2141 698 2199 cibum
719 2139 856 2219 illudque
882 2139 1096 2221 incorruptum
1129 2145 1238 2225 accipis
1267 2163 1343 2223 epu-

281 2226 358 2303 lum',
373 2220 505 2311 quando
534 2228 612 2284 vitae
661 2228 717 2284 auc
749 2235 779 2282 et
813 2222 925 2304 poculo
957 2223 1083 2301 frueris,
1119 2226 1278 2286 manducas
1312 2237 1344 2287 et

280 2310 363 2370 bibis
383 2318 497 2393 'corpus
518 2322 548 2368 et
568 2244 743 2393 sangliinem
773 2308 909 2391 Domini,
933 2321 1009 2368 tunc·
1030 2311 1182 2369 Dominus
1210 2309 1266 2370 sub
1281 2323 1348 2370 tec-

102 2390 346 2482 §Jgffiflffitum
373 2409 459 2455 tuum
481 2395 662 2477 ingreditur.
700 2394 745 2452 ‘Et
766 2405 801 2452 tu
828 2413 900 2474 ergo
932 2391 1092 2452 humilians
1121 2406 1216 2454 temet
1238 2397 1347 2478 ipsum,

69 2512 77 2520 ·
105 2490 195 2530 ‹lum-in
209 2502 269 2530 com·
283 2482 400 2539 imitare
428 2479 511 2538 hunc
534 2479 770 2552 Centurionem,
799 2489 829 2536 et
860 2477 975 2537 dicitoe
1015 2479 1164 2555 Domine,
1190 2499 1255 2540 non
1277 2500 1347 2541 sum

104 2540 220 2578 munione.

104 2588 186 2628 mitri.
206 2593 228 2634 3,
245 2592 268 2633 a.
282 2563 400 2646 dignus,
424 2576 458 2622 ut
475 2567 568 2621 intres
584 2563 641 2622 sub
660 2568 778 2624 'tectum
796 2574 904 2621 meum.

358 2660 395 2712 ,1.
439 2649 475 2712 G.
499 2645 821 2707 CHRYSOSTOMUS
859 2643 973 2706 homil.¹
995 2657 1044 2712 45.
1069 2647 1100 2704 in
1125 2647 1291 2724 loannem,
1316 2654 1347 2709 et

279 2741 352 2803 61..,
376 2729 414 2788 ad
437 2729 587 2808 populum
607 2722 846 2790 Antiochenam:
888 2731 920 2790 Si
944 2750 1021 2812 pure
1034 2735 1216 2808 accesseris,
1236 2732 1276 2794 ad
1296 2753 1348 2793 sa-

109 2820 204 2874 1'.·o‹'>r.
225 2810 375 2874 11‚lutcm
392 2812 557 2871 accessisti:
577 2815 623 2871 sin
649 2834 742 2895 prava
764 2816 964 2889 conscientia,
992 2814 1032 2873 ad
1058 2835 1186 2896 poenam
1212 2829 1243 2876 et
1268 2837 1347 2900 sup-

103 2882 145 2934 29·
192 2934 195 2940 -
280 2895 415 2976 plicium.
460 2896 523 2969 Qui
549 2898 625 2954 enim
653 2897 817 2957 manducat
842 2910 871 2956 et
899 2899 978 2957 bibit
1013 2899 1136 2980 indigne
1167 2903 1347 2984 sanguinem

279 2979 414 3055 Domini,
438 2979 589 3061 judicium
609 2979 668 3039 sibi
690 2982 852 3041 manducat
875 2994 903 3041 et
926 2982 1015 3041 bibit.
1059 2983 1133 3042 Nam
1164 2987 1264 3067 siqui
1292 2998 1347 3045 re-

280 3067 357 3147 giam
378 3081 553 3147 'purpuram
588 3067 804 3146 coinquinant,
826 3065 908 3125 haud
937 3087 1039 3142 secus,
1063 3088 1153 3147 quam
1182 3071 1235 3150 qui
1262 3070 1347 3128 scin-

104 3152 244 3243 ffprrlisiut!
281 3148 367 3227 dunt,
392 3150 580 3231 puniuntur:
604 3150 681 3232 quid
704 3152 822 3226 mirum,
845 3152 869 3208 si
893 3155 946 3232 qui
974 3153 1129 3211 immunda
1159 3154 1347 3213 couscientia

41 3268 45 3275 ·
103 3216 219 3343 'qd'iiili
229 3215 266 3248 '¹⁸'
281 3232 395 3293 Christi
411 3254 532 3315 'corpus
568 3237 736 3319 accipiunt,
764 3235 842 3294 idern
876 3237 1062 3318 supplicium
1086 3235 1236 3311 subeant,
1260 3237 1346 3319 quod

106 3304 248 3392 ,lffi22ssff„,‚
281 3321 335 3398 qui
357 3320 426 3377 e'um
447 3317 537 3377 clavis
562 3323 648 3378 cruci
677 3317 853 3379 affixerunt?
891 3320 986 3397 'Vide,
1012 3340 1101 3399 quam
1123 3321 1347 3403 f01midandam

103 3401 160 3441 Μ·
179 3404 266 3446 ¹⁰⁹2&
277 3422 406 3485 poenam
427 3398 557 3462 minetur
575 3402 718 3465 Paulust
748 3405 871 3464 irritam
896 3407 964 3485 quis
992 3403 1103 3479 faciens
1123 3404 1218 3488 legem
1234 3407 1346 3481 Moysi,

278 3490 342 3549 sine
364 3486 426 3557 ulla
459 3488 650 3547 miseratione
680 3486 803 3548 duobus
814 3487 868 3547 'vel
898 3487 1011 3547 tribus¹
1033 3489 1161 3549 testibus
1198 3491 1346 3550 moriture

279 3584 396 3652 quanto
413 3570 505 3652 magis
532 3574 645 3653 putatis
665 3572 819 3632 dct'criora
842 3575 950 3632 mereri
973 3573 1141 3654 supplicia,
1170 3576 1223 3654 qui
1246 3572 1346 3634 filium

276 3654 336 3713 Dei
353 3652 589 3730 conculcaverit,
611 3668 641 3716 et
659 3660 834 3740 sanguinem
854 3659 1023 3717 testamenti
1039 3656 1194 3749 pollutum
1216 3658 1346 3735 duxerit,

102 3738 310 3816 tutantem-ln
333 3761 396 3821 quo
418 3736 624 3799 sanctificatus
643 3741 709 3800 est?

102 3825 268 3914 quittrfflu·
360 3838 389 3890 2.
431 3821 614 3884 BASILIUS
636 3825 763 3908 Magnus
784 3825 837 3885 lib.
864 3839 893 3890 2.
917 3826 955 3885 de
975 3824 1138 3906 baptismo,
1162 3829 1346 3906 quaestione

15 3942 18 3949 -
105 3885 325 3976 ‚iiiiiiiiissssvel
350 3909 447 3991 capite
468 3910 570 3984 tertio,
598 3919 752 3991 utsupra,
775 3911 806 3968 in
825 3909 883 3968 hac
900 3910 1085 3987 quaestione,
1107 3908 1139 3966 C.
1323 3906 1326 3911 ’

101 3985 252 4064 ξ’..ζῖξῗω
284 4008 287 4013 ·
361 4005 390 4060 3.
431 3991 739 4054 THEODORETUS
766 3995 797 4052 in
822 4012 887 4074 cap.
905 3993 962 4053 XI.
984 3991 1147 4074 ,Corinthu
1188 3991 1274 4052 Illud
1293 4013 1352 4053 au·

276 4085 356 4133 tem:
399 4075 478 4133 Reus
506 4079 564 4135 erit
587 4080 784 4160 corporiset
798 4078 961 4158 sanguinis,
981 4076 1047 4137 'boc
1067 4074 1226 4160 significat,
1251 4077 1350 4159 quod,

278 4157 536 4237 quemadmodum
555 4161 668 4223 tradid'
708 4162 807 4255 ipsum
829 4158 933 4234 ludas,
956 4155 1013 4243 ipsi
1035 4172 1135 4221 autem
1156 4159 1354 4237 insultarunt,

279 4253 399 4306 etcum
420 4240 548 4326 probris¹
562 4246 610 4319 et'
629 4244 634 4253 '
655 4242 661 4251 '
698 4242 715 4261 ‘¹
729 4242 764 4307 'it
777 4236 945 4307 affecerunt
964 4246 1092 4327 ludici,
1105 4245 1149 4306 in
1169 4246 1355 4329 cumigne-
