2790 4792
271 262 903 405 conusriusrlouts.
1062 277 1128 379 Lm

55 498 143 571 aliis
165 491 295 596 perlici
318 480 397 571 uon
417 505 561 589 potest,
587 484 709 597 nisis
734 487 882 583 summis
908 462 1121 564 Sacerdoti·
1134 512 1193 612 ispi».
1202 511 1302 605 mg
1351 539 1354 549 ·

56 620 153 692 bus:
185 610 256 691 nec
288 632 453 712 tempore
489 604 758 708 Apostolorum
798 610 844 685 ab
878 598 985 702 aliis,
1006 589 1149 752 'quam¹
1194 590 1246 754 ..¹
1284 686 1299 748 ,·

1174 720 1210 760 eps
1269 721 1283 749 a

61 741 111 815 ab
136 740 228 840 ipsis
253 733 480 840 ''Apostolis
505 724 642 831 legitur
670 748 738 805 aut
774 733 887 806 scitur
921 760 1007 811 esse
1037 761 1123 838 per.
1136 734 1299 854 pappi&

62 881 196 941 actum.
234 918 238 928 .
334 916 335 921 ,
1134 861 1243 952 p-ps
1259 860 1299 913 Ψ

366 1072 826 1142 scuIP'rnuau·

139 1262 222 1326 Ace
242 1264 352 1328 Vnus
395 1261 549 1320 Miserunt
569 1254 609 1318 ad
628 1277 681 1318 eos
701 1253 828 1320 Petrum
846 1260 878 1320 et
889 1252 1049 1337 ioannem,
1071 1271 1129 1323 etc.

55 1381 92 1434 nt
114 1392 223 1454 supra,
249 1378 371 1451 quaest.
392 1362 595 1447 praecedenti.
663 1423 666 1429 ,

144 1478 199 1537 Et
224 1476 329 1536 xliia
373 1471 417 1531 Et
449 1490 516 1531 com
552 1470 746 1554 imposuisset
765 1468 825 1532 illis
859 1490 969 1535 manns
1006 1468 1131 1552 Paulus,

56 1585 146 1647 venit
164 1580 299 1664 Spiritus
326 1589 446 1639 sanetus
466 1584 557 1663 super
582 1597 643 1639 eos.
1038 1608 1040 1613 -

409 1768 870 1836 ΡΑΤΗΕᾶ·

152 1935 187 2027 {i
222 1945 256 2019 B.
280 1924 505 2017 CONCIIJUM
531 1954 571 2016 11.
603 1955 743 2018 Braecar.
761 1975 834 2018 can.-
853 1969 904 2028 t.=
930 1957 1066 2037 Placuit,
1087 1902 1268 2063 ntllslsnnpppp

62 2042 222 2106 modicum
238 2040 372 2116 balsami,
394 2041 476 2122 quod
489 2040 683 2102 benedictum
695 2062 753 2125 pro
774 2040 918 2127 baptismi
938 2056 1123 2105 sacramento
1135 2034 1264 2112 iiii„

62 2151 118 2213 per
143 2125 294 2186 Ecclesias
311 2125 411 2201 datur,
436 2127 509 2207 quia
529 2146 546 2184 a
570 2127 696 2209 singulis
711 2130 861 2187 tremisses
884 2148 944 2209 pro
978 2132 1048 2211 ipso
1072 2121 1282 2212 οι-ξῗήζῗξζῖ

64 2213 109 2293 igi
131 2210 240 2285 solent,
261 2207 339 2277 nihil
358 2208 485 2271 ulterius
507 2213 661 2292 exigature
681 2231 723 2271 ne
735 2210 826 2286 forte,
848 2211 933 2291 quod
952 2233 1012 2292 pro
1031 2212 1126 2272 salute
1136 2183 1285 2262 viana...

66 2295 230 2354 animarum
248 2313 304 2376 per
323 2295 545 2354 invocationem
572 2293 674 2353 Sancti
695 2293 829 2373 Spiritus
852 2306 1065 2370 consecratur,
1084 2273 1295 2363 smpsffiu

66 2391 121 2438 cut
142 2378 246 2437 Simon
267 2397 371 2460 magns
392 2377 507 2437 donum
535 2377 595 2434 Dci
613 2377 743 2456 pecunia
757 2375 857 2434 voluit
875 2397 983 2452 emere,
1003 2378 1045 2436 ita
1070 2396 1128 2439 not

64 2460 282 2536 venundantes,
304 2460 518 2525 damnabiliter
539 2457 756 2517 venundemur.
1139 2486 1145 2495 ν

149 2560 179 2612 2.
223 2545 449 2617 CYPRIANUS
472 2546 505 2602 in
536 2561 675 2601 sermone
714 2540 752 2600 de
784 2541 928 2603 unctione
952 2540 1125 2606 chrismatis

62 2641 95 2692 et
111 2628 178 2690 aliis
198 2629 409 2702 Sacrameutis,
435 2640 471 2687 ut
492 2645 594 2708 supra,
622 2635 727 2706 quast
748 2625 941 2711 praecedenti,
962 2627 995 2686 B.
1012 2639 1042 2694 2.
1069 2640 1072 2649 “
1175 2694 1178 2701 ,

149 2747 179 2802 3.
222 2731 462 2794 GREGORIUS
484 2733 526 2792 M.
546 2732 577 2790 in
600 2743 626 2799 1.
653 2732 753 2791 Cant:
796 2731 831 2792 In
859 2731 1001 2819 Engaddi
1022 2731 1279 2814 balta-nhffim„

62 2839 148 2880 mum
201 2819 313 2915 guitur,
328 2816 412 2897 quod
433 2837 501 2874 cum
520 2815 587 2875 oleo
600 2813 772 2897 pontificali
789 2816 1001 2879 benedictione
1025 2818 1125 2879 chris·
1136 2823 1189 2863 ⁰¹⁰⁰
1211 2827 1235 2861 ⁶⁸
1251 2821 1299 2860 001·

61 2923 152 2965 mae

186 2902 276 2975 citur,
298 2922 359 2981 quo
381 2900 462 2960 dona
483 2900 578 2962 sancti
608 2901 731 2983 spiritus
754 2903 988 2984 exprimuntur.
1136 2883 1201 2962 iiii.o
1216 2883 1271 2912 Μ’

153 3019 184 3074 4.
227 3003 425 3064 FABIANUS
455 3007 541 3087 epist.
566 3021 596 3073 2.
622 3005 661 3066 ad
682 3028 761 3068 omn.
785 3007 1129 3089 01·ient.Episc.c.1.:

64 3091 183 3155 Literis
212 3089 317 3147 vestris
346 3091 424 3148 inter
458 3104 563 3151 caetera
588 3091 733 3151 insertum
767 3093 954 3164 invenimus,
982 3089 1131 3171 quosdam

68 3174 204 3261 regionis
230 3183 336 3232 vestrae
357 3172 524 3270 Episcopos
547 3186 678 3235 avestro
699 3186 869 3254 nostroque
889 3172 998 3236 ordine
1018 3173 1134 3233 discre-

92 3282 156 3336 are,
184 3268 215 3316 et
228 3277 290 3315 non
301 3276 356 3337 per
368 3256 501 3338 singulos
515 3279 607 3318 annos
617 3262 657 3318 in
671 3279 756 3320 coeua
764 3258 888 3318 Domini
906 3254 1035 3316 chrisma
1056 3275 1134 3318 con-

68 3283 181 3419 hcere,
196 3339 249 3401 sed
272 3339 347 3398 duos
369 3351 422 3398 aut
438 3351 499 3400 tres
518 3356 612 3402 annos
633 3344 854 3403 confectionem
872 3341 967 3403 sancti
985 3340 1279 3415 chrisma-mamert·

69 3431 109 3489 tis
131 3423 223 3488 semel
244 3435 341 3484 actam
361 3444 546 3484 conservare.
586 3427 701 3487 Dicunt
723 3428 819 3502 enim,
846 3438 881 3488 ut
904 3427 936 3484 in
959 3427 1130 3486 memoratis
1141 3407 1291 3512 miii...

69 3508 213 3596 apicibus
231 3510 409 3590 reperimus,
434 3530 490 3568 nec
508 3507 670 3570 balsamum
691 3531 749 3594 per
773 3509 907 3594 singulos
929 3529 1022 3571 annos
1041 3529 1131 3593 posse
1140 3504 1241 3598 iiim
1266 3503 1306 3546 ⁴⁶·

69 3593 212 3678 reperiri,
228 3614 284 3651 nec
299 3613 419 3653 necesse
429 3592 498 3652 fore
510 3613 565 3674 per
576 3595 709 3676 singulos
723 3615 813 3654 annos
824 3593 954 3654 chrisma
966 3591 1131 3655 conficeres
1186 3658 1190 3663 ,

69 3678 128 3742 sed
150 3676 223 3736 dum
244 3696 305 3735 una
323 3677 476 3737 confectio
498 3675 663 3738 chrismatis
685 3677 828 3757 abundat,
841 3678 928 3738 aliam
939 3674 1133 3739 fierinecesse

72 3784 140 3824 non
158 3759 281 3820 habere.
320 3760 432 3821 Errant
444 3760 533 3837 euim,
561 3763 615 3843 qui
629 3760 701 3822 talia
717 3775 895 3846 excogitant,
915 3773 946 3821 et
965 3772 1063 3824 mente
1080 3783 1135 3822 ve·
1192 3800 1202 3837 ‚·
1270 3819 1278 3832 ‚

72 3866 148 3909 rana
169 3845 379 3927 potiusquam
398 3857 481 3907 recta
499 3844 754 3920 sentientes-haec
771 3847 889 3922 dicunt,
904 3864 909 3869 ·
926 3846 962 3904 ln
979 3846 1030 3906 illa
1055 3847 1133 3906 enim
1143 3824 1310 3914 ,iiiissi'iaiia

77 3930 125 3991 dic
140 3928 294 3989 Dominus
317 3927 447 4002 tusus,
467 3940 629 4013 postquam
643 3932 772 3991 coenavit
791 3948 862 3991 cum
884 3927 1039 4014 discipulis
1060 3931 1133 4006 suis,
1145 3923 1310 4014 ξξζξζῖζξξξζ

82 4027 112 4076 et
127 4013 206 4075 lavit
224 4031 328 4070 eorum
348 4012 450 4095 pedes,
476 4015 567 4086 (sicut
590 4015 733 4075 asanctis
753 4012 911 4099 Apostolis
934 4010 1139 4096 prodecesso-

86 4114 130 4157 res
151 4093 256 4157 nostri
273 4108 462 4178 acceperunt,
488 4097 641 4181 nobisque
665 4099 866 4246 relicpuerunt)
888 4097 1019 4158 chrisma
1039 4093 1141 4156 confi-

86 4198 152 4246 cere
176 4178 299 4243 docuit
321 4180 414 4267 ‘lpse
440 4182 527 4246 enim
550 4183 663 4247 lavatio
687 4204 709 4268 p
749 4203 800 4245 um
823 4190 973 4245 nostrum
992 4177 1228 4265 significatura·
1242 4194 1314 4242 essa.

856 4289 858 4291 ,
889 4295 947 4362 6*
