2790 4792
202 423 207 437 ⁸
285 333 364 407 esc
501 324 1121 412 permutasset)
1197 428 1202 436 1

288 517 545 594 constitutnscst,
565 535 636 576 cnm
648 511 818 577 acceditad
830 525 1015 576 sacramenta
1035 512 1184 589 fidelium,
1215 514 1281 578 nisi
1300 540 1360 583 eun

289 604 442 685 poeniteat
463 601 541 660 vitae
559 601 677 674 veteris,
697 619 807 660 novam
829 617 893 657 non
915 611 1019 680 potest
1040 593 1198 660 inchoare.

375 699 404 751 5.
447 684 595 744 IBIDEM
629 685 728 766 capite
762 696 833 750 15.:
878 684 964 759 Quid
996 695 1097 743 antcm
1128 681 1237 765 ¹David
1271 682 1361 747 obtu.

109 765 329 831 manumetis
359 770 509 843 Domino,
550 767 638 831 unde,
669 768 755 828 illum
794 769 979 850 propitiaret
1008 766 1089 828 sibi?
1143 768 1359 846 Quoniam,si

289 853 448 927 voluisses,
472 850 655 912 sacrificinm
678 852 835 927 dedissem,
863 853 971 932 utique
997 851 1188 912 holocaustis
1217 872 1286 911 non
1313 855 1360 914 de·

290 936 458 998 lectabcris.
500 935 689 996 Sacrificium
710 937 778 996 Deo
803 937 927 1018 spiritus
948 934 1185 1011 contribulatus,
1213 957 1272 995 cor
1289 961 1358 998 con-

288 1024 396 1081 tritum
421 1032 450 1081 et
476 1018 666 1081 humiliatum
693 1020 777 1080 Deus
797 1040 860 1080 non
886 1022 1010 1104 spernit.
1053 1020 1123 1081 Non
1154 1019 1261 1080 solum
1291 1045 1357 1106 ergo

289 1106 399 1166 devote
422 1103 553 1180 obtulit,
575 1105 629 1165 sed
650 1106 738 1166 ctiam
759 1106 815 1163 ista
837 1104 978 1181 dicendo,
1002 1103 1079 1184 quid
1100 1103 1205 1164 offerri
1229 1120 1356 1187 oporte-

135 1203 259 1266 Δάματερ
288 1204 346 1267 ret,
368 1189 510 1250 ostendit.
551 1184 620 1248 Non
636 1191 715 1248 euim
730 1187 852 1264 sufficit,
869 1209 969 1249 mores
990 1191 1021 1248 in
1035 1187 1141 1248 melius
1155 1204 1355 1267 commutare,

109 1259 319 1361 {iiiiiiiiimet
348 1296 366 1334 a
394 1275 483 1333 factis
507 1272 593 1333 malis
615 1272 778 1346 recedere,
813 1274 871 1332 nisi
901 1276 988 1334 ctiam
1018 1272 1056 1333 de
1081 1271 1139 1348 his,
1164 1295 1248 1353 quac
1281 1268 1356 1337 facta

108 1362 197 1398 mm·
287 1371 367 1433 sunt,
380 1356 505 1419 satisfiat
523 1360 591 1419 Deo
611 1378 667 1440 pcr
689 1357 892 1439 poenitentiae
916 1358 1072 1434 dolorem,
1093 1379 1148 1438 per
1177 1357 1356 1421 humilitatis

286 1446 439 1529 gemitum,
460 1463 516 1526 per
536 1442 661 1502 contriti
682 1441 785 1501 cordis
807 1440 988 1502 sacrificium
1016 1442 1257 1521 cooperantibus
1280 1444 1355 1504 elee-

108 1549 259 1596 mmca.
284 1528 429 1603 mosynis.
471 1526 555 1585 Beati
573 1527 650 1584 enim
668 1525 892 1600 misericordes,
927 1528 1071 1608 quoniam
1098 1527 1241 1607 ipsorum
1268 1530 1354 1588 mise·

284 1612 404 1674 rebitur
429 1611 523 1670 Dens.
564 1610 737 1671 Nonenim
760 1609 958 1687 dictumest,
994 1623 1028 1669 ut
1056 1622 1175 1671 tantum
1204 1612 1355 1675 abstinea-

107 1725 199 1770 neons
214 1728 248 1767 ει,
256 1733 274 1761 ι.
284 1700 324 1758 tis
345 1718 362 1757 a
379 1698 530 1780 pcccatis,
558 1694 612 1755 scd
633 1707 664 1756 et
676 1774 679 1779 -
691 1695 738 1759 dc¹
752 1697 933 1778 praeteritis,
955 1697 1073 1777 inquit,
1094 1693 1265 1778 deprecare
1287 1698 1353 1757 Do-

283 1784 413 1856 minum,
438 1791 474 1839 nt
490 1779 547 1840 tibi
570 1780 772 1840 dimittantur.
815 1779 857 1839 Et
873 1780 981 1840 Petrus
1000 1782 1062 1860 jam
1076 1791 1141 1838 erat
1158 1777 1271 1857 fidelis,
1290 1782 1351 1862 jam

105 1901 189 1946 mh,
202 1907 235 1946 2⁶,
248 1869 312 1951 ⁶⁹i¹¹
339 1865 462 1926 Christo
481 1876 512 1924 et
532 1862 604 1924 alios
619 1861 833 1944 baptizaverat.
876 1865 999 1924 Intuere
1020 1882 1094 1945 ergo
1111 1861 1243 1929 Petrum
1261 1886 1349 1946 prae-

105 1959 175 1997 ··⁷⁵·
282 1962 445 2012 sumentem
461 1958 642 2022 accusatum,
665 1949 818 2009 timentem
837 1948 1037 2021 vulneratum,
1060 1947 1181 2007 flentem
1203 1961 1345 2011 sanatum.

281 2036 347 2096 Jam
367 2036 457 2095 ctiam
477 2044 549 2116 post
571 2031 733 2090 adventum
762 2032 800 2091 de
827 2031 911 2092 caelo
934 2033 1066 2112 Spiritus
1088 2033 1201 2108 sancti,
1223 2032 1344 2112 qnidafn

101 2125 188 2172 ΛΜ
202 2131 222 2170 ⁹·
281 2121 386 2180 Simon
408 2119 535 2200 pecunia
557 2115 658 2175 voluit
680 2115 810 2175 eundem
834 2116 981 2195 Spiritum
1004 2129 1148 2202 sanctum
1160 2137 1261 2192 emere,
1274 2136 1341 2174 sce-

194 2248 196 2253 -
280 2204 492 2265 tenutissimum
511 2213 540 2261 et
557 2201 682 2285 impium
699 2201 928 2260 mercimonium
947 2203 1092 2283 cogitans,
1114 2202 1176 2280 jam
1207 2199 1339 2283 baptiza·

179 2342 183 2349 .
279 2301 329 2349 tus
349 2290 380 2348 in
403 2285 542 2346 Christo:
565 2297 715 2346 ettamen
741 2286 1114 2368 poenitentiaeconsilium
1139 2280 1178 2344 ab
1203 2287 1269 2368 ipso
1284 2283 1343 2347 Pe·

64 2402 66 2406 ·
104 2407 184 2455 acor.
193 2411 226 2450 η,
236 2411 268 2449 21,
279 2385 329 2433 tro
350 2385 513 2454 correptus
535 2372 660 2453 accepit.
704 2371 791 2431 Dicit
816 2371 906 2430 etiam
932 2368 1096 2450 Apostolus
1123 2369 1260 2447 Paulus,
1291 2370 1343 2450 qui

279 2464 387 2538 utique
409 2455 552 2516 fidelibus
573 2455 711 2526 mittebat
731 2453 891 2538 epistolas:
917 2452 977 2514 'Ne
1000 2456 1122 2529 iterum,
1145 2475 1219 2515 cum
1239 2474 1346 2514 venero

278 2543 318 2602 ad
335 2563 400 2616 vos,
421 2541 560 2600 humiliet
573 2560 621 2599 me
635 2543 728 2615 Deus,
747 2553 783 2603 ut
794 2539 910 2623 lugeam
933 2539 1045 2597 multos
1069 2559 1103 2598 er
1125 2537 1185 2617 his,
1205 2541 1261 2621 qui
1280 2551 1344 2599 ante

277 2637 491 2708 peccaverunt,
517 2637 546 2683 et
565 2640 628 2684 non
654 2636 780 2707 egerunt
805 2625 1021 2707 poenitentiam
1042 2644 1134 2704 super
1156 2623 1347 2684 immunditia

278 2721 308 2766 ct
319 2708 438 2766 luxuria
456 2719 485 2765 et
500 2707 714 2780 fornicatione,
731 2730 821 2788 quem
835 2722 1001 2792 gesserunt„
1045 2708 1252 2768 Circumstant
1275 2729 1344 2790 ergo

276 2812 332 2850 uos
356 2799 386 2848 ct
405 2796 568 2870 praecepta
584 2804 666 2851 recte
688 2792 830 2867 faciendi,
852 2804 881 2853 et
894 2792 1025 2874 exempla
1045 2814 1105 2852 non
1128 2805 1250 2852 tantum
1265 2805 1344 2853 recte

276 2875 458 2948 facientium,
480 2875 533 2932 sed
558 2875 646 2932 etiam
669 2874 709 2934 ad
733 2877 937 2957 recipiendam
963 2877 1088 2937 sulutem
1109 2881 1342 2958 poenitentium,

278 2980 355 3044 quae
372 2958 473 3018 fuerat
491 2959 596 3016 amissa
616 2959 781 3040 peccando.
1310 2966 1312 2970 '

362 3057 389 3111 1.
431 3043 464 3102 B.
488 3042 811 3105 CHRYSOSTOMUS
834 3045 864 3102 in
890 3045 1042 3106 Psalmnm
1062 3050 1342 3131 quinquagesimum

99 3124 353 3213 ffssffie⁰⁰322duas
374 3127 473 3207 habet
489 3127 637 3204 homilias,
658 3131 690 3188 in
710 3134 839 3209 quarum
862 3134 1031 3210 posteriore
1052 3133 1099 3201 ,sic
1120 3132 1181 3191 ait:
1225 3131 1342 3191 Habeto

42 3246 48 3257 ’
104 3222 239 3276 *tertiemu-
274 3216 410 3278 codicem
439 3215 653 3273 conscientiam
679 3226 779 3288 tuam,
811 3224 841 3272 et
870 3215 970 3274 scribe
1002 3215 1182 3296 quotidiana
1207 3228 1341 3297 peccata.

274 3298 407 3376 Quando
430 3296 608 3357 accubueris
629 3309 864 3380 superstratum
891 3312 978 3359 tuum
989 3344 999 3375 ,
1021 3312 1051 3360 ct
1073 3302 1219 3359 neminem
1249 3301 1341 3359 infes-

273 3399 338 3446 tum
358 3383 480 3464 pateris,
503 3396 663 3462 antequam
678 3384 775 3442 veniat
796 3381 853 3442 tibi
867 3404 999 3457 somnus,
1022 3385 1129 3465 profer
1153 3386 1184 3441 in
1206 3385 1340 3443 medium

275 3470 409 3532 codicem
432 3469 647 3526 conscientiam
667 3480 768 3543 tuam,
791 3478 821 3526 ct
853 3470 1045 3528 reminiscere
1075 3479 1200 3550 peccata
1227 3481 1291 3543 tua,
1315 3468 1339 3525 si

277 3554 353 3637 quid
375 3555 406 3611 in
427 3550 532 3635 vepb0,
555 3571 608 3608 seu
624 3554 655 3610 in
678 3553 771 3627 facto,
795 3551 842 3610 vel
861 3555 894 3612 in
907 3554 1089 3634 cogitatione
1100 3554 1242 3635 peccasti.
1276 3553 1340 3625 Hoc

277 3642 356 3698 enim
384 3636 458 3696 dicit
478 3633 660 3714 Propheta:
702 3636 884 3714 Irascimini,
909 3649 939 3695 et
961 3636 1057 3698 nolite
1088 3657 1237 3718 peccare,
1264 3655 1340 3716 quae

277 3723 377 3784 dicitis
400 3721 431 3778 in
457 3719 605 3779 cordibus
631 3723 746 3796 vestris,
769 3734 799 3781 et
823 3725 855 3786 in
878 3720 1030 3781 cubilibus
1055 3723 1160 3780 vestris
1192 3741 1340 3802 compun-

274 3809 385 3892 gimini.
429 3804 471 3865 Et
494 3815 696 3887 postpauca:
738 3805 845 3866 Dicito
877 3809 909 3866 in
934 3807 1026 3867 corde
1054 3817 1110 3866 tuo
1138 3807 1227 3885 etin>
1242 3807 1340 3864 anima

273 3906 339 3952 tna:
383 3891 588 3972 Expendimus
608 3889 706 3965 diem,
733 3911 753 3949 o
778 3894 892 3966 anima,
918 3891 994 3970 quid
1021 3891 1104 3954 boni,
1120 3890 1267 3965 fecimus,
1288 3898 1341 3948 aut

273 3975 347 4056 quid
370 3975 441 4033 maii
469 3976 588 4056 operati
610 3974 733 4035 sumus?
775 3975 816 4035 Et
837 3976 861 4034 si
887 3976 962 4053 quid
987 3974 1061 4034 boni
1088 3974 1204 4050 fecisti,
1226 3974 1338 4056 gratias

274 4079 328 4140 age
357 4060 441 4118 Deo:
471 4062 496 4118 si
520 4059 595 4138 quid
622 4059 704 4134 mali,
727 4059 765 4120 de
796 4071 916 4127 caetero
944 4079 982 4117 ne
1016 4059 1116 4120 facias.
1159 4058 1202 4118 Et
1232 4077 1340 4117 rursus

273 4141 367 4226 paulo
388 4154 474 4224 post:
516 4142 671 4225 Proponet
692 4143 914 4210 tibi-,timorem
933 4141 1108 4224 gehennae,
1137 4143 1339 4222 superducito

277 4228 311 4301 ci¹
332 4237 469 4291 secturae
496 4226 591 4296 ictum
614 4243 677 4291 non
699 4227 862 4319 habentem
882 4225 1226 4313 doloremsummum
1247 4227 1341 4290 facito
