2790 4792
260 350 337 423 ua
418 311 422 318 ’
492 341 572 405 nn
619 320 1106 412 sacarnsaro'

152 543 154 548 '
259 539 291 598 in
311 533 433 597 calicem
456 528 609 609 mittiturs
631 528 684 594 sed
701 531 872 618 iitsanguis
898 535 1123 601 consecratione
1144 533 1234 595 verbi
1257 555 1328 596 cae

182 644 186 651 ·
260 621 351 682 iestis.
394 617 455 676 Sed
480 618 561 676 sorte
581 616 672 678 dicis:
715 619 852 702 Speciem
875 622 1103 702 sanguinisnon
1121 619 1223 678 video.
1267 620 1326 682 Sed

151 720 172 767 1
247 705 353 765 ‘habet
373 701 605 762 similitudinem.
649 703 737 762 Sicut
757 705 835 763 enirn
851 707 958 764 mortis
988 702 1216 763 simiIitudinem
1244 724 1327 763 sum-

260 791 345 866 sisti,
380 789 422 847 ita
444 787 533 845 etiam
560 785 787 847 similitudinem
819 790 952 870 preciosi
981 789 1133 871 sanguinis
1163 787 1267 866 bibis,
1290 801 1323 848 ut

259 873 361 934 nullus
391 868 508 930 horror
535 871 657 930 cruoris
679 873 732 946 sit,
755 881 785 930 et
810 873 939 954 pretium
961 885 1059 931 tamen
1090 884 1237 953 operetur
1275 893 1322 932 re-

87 948 250 1056 fffiffissh'
261 957 449 1038 demptionis.
490 953 634 1014 Didicisti
671 975 755 1038 ergo,
776 963 859 1038 quia,
886 955 973 1037 quod
994 957 1122 1038 accipis,
1145 976 1262 1040 eorpus
1281 967 1322 1018 est

342 1137 373 1191 6.
413 1121 520 1182 IDEM
539 1120 574 1180 L.
602 1121 657 1182 vt.
685 1120 724 1181 de
758 1142 884 1182 sacram.
906 1144 932 1185 c.
958 1135 1001 1191 tn
1044 1123 1133 1185 Sicut
1167 1144 1260 1184 verus
1280 1135 1320 1186 est

257 1210 316 1270 Dei
338 1206 419 1268 filius
442 1207 593 1266 Dominus
613 1217 717 1265 noster
746 1207 864 1266 JESUS
896 1208 1108 1284 CHRISTUS,
1123 1215 1191 1267 'non
1216 1229 1318 1290 quem·

257 1291 420 1356 admodum
440 1289 578 1350 homines
590 1309 646 1370 per
666 1291 800 1372 gratiam,
823 1291 876 1350 sed
898 1295 983 1371 quasi
1002 1290 1084 1351 filius
1099 1312 1134 1351 ex
1155 1291 1317 1355 substantia

256 1379 372 1461 patris:
403 1378 444 1434 ita
464 1395 535 1435 vera
565 1394 648 1448 earo,
668 1376 746 1433 sicut
766 1377 830 1457 ipse
852 1375 943 1450 dicit,
966 1397 1056 1457 quarn
1077 1378 1270 1458 accepimus:
1290 1387 1316 1436 et

256 1481 346 1521 verus
368 1461 434 1541 ejus
455 1453 573 1542 sanguis
595 1470 639 1517 est
662 1470 761 1540 potus.
805 1460 865 1519 Sed
895 1459 976 1523 Iorte
1003 1460 1106 1535 dieas,
1128 1461 1215 1541 quod
1240 1462 1316 1521 dire·

258 1557 331 1606 runt
350 1557 425 1604 tunc
444 1544 592 1626 temporis
625 1545 714 1602 etiam
747 1543 890 1625 discipuli
912 1544 1072 1604 CHRISTI
1090 1546 1255 1606 -audientes
1273 1546 1314 1604 di-

85 1664 222 1709 soan.s‚st·
258 1643 393 1692 centem:
436 1627 500 1687 Nisi
526 1627 594 1707 quis
625 1627 850 1687 manducaverit
880 1648 999 1687 earnem
1018 1649 1131 1702 meam,
1154 1643 1186 1689 et
1208 1629 1312 1691 biberit
1335 1693 1337 1699 ,

257 1715 432 1796 sanguinem
452 1731 570 1786 meum,
592 1730 652 1769 non
681 1710 815 1770 manebit
836 1713 866 1770 in
893 1733 957 1787 me,
990 1733 1046 1771 nec
1072 1712 1203 1773 habebit
1232 1716 1314 1773 vitam

83 1808 195 1867 sonos·
258 1810 417 1856 aeternam.
458 1796 551 1854 Forte
567 1792 667 1854 dieas:
691 1795 855 1870 Quomodo
881 1797 972 1855 vera?
1009 1798 1072 1873 Qui
1095 1797 1316 1858 similitudinem

83 1859 364 1961 iiiiiiaiffiivideo,
385 1899 447 1939 non
477 1876 565 1937 video
598 1881 751 1960 sanguinis
768 1880 933 1939 veritatem.
976 1880 1081 1940 Primo
1103 1885 1242 1942 omnium
1262 1882 1317 1942 diri

83 1958 316 2046 ξζῇῗζᾚξζῑὶὴί
337 1962 375 2023 de
396 1982 534 2023 sermone
556 1960 735 2038 CHRISTI,
757 1965 810 2043 qui
837 1977 994 2044 operatur,
1017 1977 1052 2024 ut
1072 1969 1171 2046 possit
1203 1979 1314 2027 mutare

81 2064 130 2095 Μ·
260 2060 290 2110 et
311 2057 489 2107 convertere
502 2065 610 2127 genera
630 2048 767 2106 instituta
792 2058 926 2107 naturae.
969 2049 1089 2108 Deinde
1107 2049 1169 2108 ubi·
1185 2072 1248 2112 noo
1266 2064 1312 2111 tn·

83 2133 360 2193 samsai-lerunt
384 2150 552 2192 sermonem
585 2130 745 2188 CHRISTI
772 2130 914 2212 discipuli
945 2134 1012 2212 ejus
1028 2178 1031 2185 .
1045 2133 1215 2213 audientes,
1236 2131 1311 2218 quod

85 2204 120 2242 ’⁰'
258 2238 378 2278 carnem
400 2234 484 2275 suam
506 2213 594 2274 daret
626 2214 828 2290 manducare,
865 2227 895 2274 et
915 2219 1088 2298 sanguinem
1109 2239 1199 2279 sunm
1235 2219 1309 2280 duat

257 2301 440 2375 bibendum,
475 2297 679 2368 recedebant;
711 2299 792 2359 solus
813 2311 912 2358 tamen
933 2301 1045 2360 Petrus
1079 2302 1170 2363 dixit:
1216 2302 1311 2365 vesta

83 2377 130 2419 ω’
144 2374 246 2417 '‘Im'‘
256 2390 335 2447 vitae
351 2397 487 2446 aeternae
509 2383 612 2459 habes,
634 2395 666 2442 et
687 2403 789 2467 egoa
811 2394 841 2443 te
865 2405 928 2465 quo
951 2385 1113 2445 recedam?
1154 2386 1200 2446 Ne
1224 2391 1313 2473 igitur

79 2430 357 2564 {iiiii'ffiiffptnres
376 2469 437 2530 hoc
458 2469 603 2544 dicerent,
625 2467 720 2527 veluti
744 2468 867 2550 quidam
890 2482 966 2528 esset
978 2469 1091 2530 horror
1109 2476 1242 2550 cruoris,
1265 2471 1313 2533 sed

82 2537 159 2618 aiiii
169 2535 245 2630 iii...
256 2567 387 2615 maneret
415 2557 510 2636 gratia
536 2553 771 2634 redemptionis,
800 2552 870 2613 ideo
893 2555 923 2611 in
945 2554 1171 2614 similitudinem
1195 2557 1313 2638 quidem

31 2703 34 2709 ,
78 2633 159 2709 3225
161 2632 246 2708 {iiiii}
255 2641 366 2720 accipis
384 2641 610 2711 sacramentum,
631 2637 685 2695 sed
706 2658 795 2697 verae
822 2651 948 2696 naturae
970 2641 1096 2720 gratiam
1113 2643 1312 2724 virtutemque

76 2718 188 2767 ΜΨ·
254 2723 458 2802 consequeris.
500 2720 566 2802 Ego
582 2740 658 2796 sum,
670 2721 778 2800 inquit,
798 2723 884 2803 panis
898 2724 994 2797 vivus,
1017 2726 1071 2803 qui
1090 2724 1129 2783 de
1154 2726 1240 2788 eaeIo
1260 2728 1311 2786 de·

252 2805 365 2867 scendi.
409 2803 470 2863 Sed
491 2822 562 2862 caro
588 2825 649 2862 non
670 2804 826 2864 descendit
852 2826 869 2864 e
893 2807 998 2881 eaelo,
1024 2806 1084 2866 hoc
1105 2821 1169 2884 est,
1193 2829 1311 2871 earnem

251 2893 284 2950 in
310 2890 398 2949 terris
427 2889 588 2968 assumpsit
609 2908 644 2946 ex
670 2887 806 2970 Virgine.
852 2890 1018 2965 Quomodo
1049 2911 1123 2973 ergo
1158 2880 1322 2955 descendit·

250 2975 375 3056 panise
402 2971 485 3031 eaeIo
512 2983 543 3030 et
571 2972 659 3052 panis
677 2971 782 3032 virus?
825 2973 906 3047 Quia
936 2974 1016 3032 idem
1043 2976 1191 3037 Dominus
1212 2991 1311 3040 noster

248 3057 365 3118 IESUS
389 3055 584 3116 CHRISTUS
605 3075 732 3113 consors
766 3067 811 3115 est
840 3068 869 3116 et
899 3058 1066 3119 divinitatis
1088 3072 1119 3118 et
1157 3064 1309 3146 corporis:

79 3157 215 3220 ntvtnnnn
249 3156 280 3203 et
302 3155 347 3218 tu,
374 3144 427 3223 qui
455 3141 563 3222 accipis
587 3140 653 3219 ejus
672 3159 811 3218 earnem,
840 3141 958 3202 divinae
985 3144 1053 3224 ejus
1076 3143 1264 3209 substantiae
1279 3148 1310 3208 iu

74 3209 302 3303 {iffiff'ff'illo
320 3226 511 3310 participaris
540 3223 702 3283 adimanto.
1286 3282 1290 3288 .

331 3325 360 3379 7.
402 3307 675 3368 DAMASCENUS
696 3307 731 3368 L.
751 3304 804 3369 IV.
827 3308 953 3373 orthod.
973 3309 1026 3372 fid.
1049 3333 1075 3372 e.
1093 3325 1161 3381 Ila:
1205 3313 1238 3376 Si
1256 3314 1312 3398 igi·

72 3408 301 3473 vjfflmflfitur
325 3393 451 3455 verbum
463 3394 521 3451 Dei
542 3393 643 3451 vivens
660 3403 713 3467 est,
738 3404 768 3451 et
788 3392 899 3469 efficax,
925 3408 955 3455 et
970 3399 1080 3470 omnia,
1105 3398 1310 3481 quaecunque

73 3476 152 3567 flffih
167 3479 237 3568 ἧχ’·
249 3480 346 3539 voluit
367 3479 527 3552 Dominus,
552 3475 641 3538 fecit:
663 3477 688 3536 si
717 3475 813 3551 dixit,
833 3476 888 3538 fiat
913 3479 983 3552 lux,
1005 3493 1036 3539 et
1059 3482 1138 3541 saeta
1162 3496 1230 3546 esta
1257 3479 1309 3542 fiat

14 3568 18 3581 ·
73 3539 238 3634 irousssisoiass
248 3562 478 3634 firmamentum,
501 3572 532 3618 et
549 3560 663 3620 factum
684 3571 747 3619 est:
770 3563 795 3621 si
808 3562 905 3623 verbo
923 3563 981 3622 Dei
1004 3565 1077 3623 caeIi
1092 3563 1207 3626 firmati
1228 3577 1307 3643 sunt,

71 3630 208 3718 ffiiiffi‘·
249 3658 280 3707 et
299 3646 410 3729 spiritu
429 3646 491 3705 oris
515 3645 582 3722 ejus
602 3645 697 3704 omnis
721 3645 816 3706 virtus
840 3667 961 3707 eorum:
979 3649 1004 3706 si
1033 3648 1150 3708 eaelum
1172 3662 1204 3710 et
1219 3663 1307 3723 tem,

248 3750 337 3811 aqua,
357 3730 434 3812 ignis
455 3739 485 3787 et
504 3732 564 3802 aer,
586 3740 616 3787 et
640 3729 737 3788 omnis
767 3743 891 3789 ornatus
911 3751 1027 3805 eorum,
1056 3732 1152 3792 verbo
1182 3733 1309 3795 Domini¹

245 3815 382 3898 perfecta
402 3823 495 3886 sunt,
524 3823 554 3869 et
575 3811 668 3873 homo
692 3815 756 3895 ipse
777 3814 896 3893 ubique
923 3812 1111 3898 divulgatum
1134 3816 1305 3879 animalssi

68 3923 138 3968 toan.
153 3927 175 3973 1,
188 3929 220 3971 u·
245 3897 349 3958 volens
371 3899 435 3980 ipse
456 3897 539 3954 Deus
559 3895 706 3975 verbnm,
734 3896 831 3958 factus
855 3908 902 3956 est
922 3896 1037 3976 homo,
1061 3911 1091 3960 et
1115 3921 1150 3959 ex
1184 3911 1305 3961 sanetae

25 4002 39 4029 x
160 4034 170 4045 ,,
243 3983 366 4064 virginis
381 3980 549 4063 purissimis
566 3991 595 4038 et
612 3980 817 4042 illibatissimis
835 3982 1031 4063 sanguinibus
1050 3986 1082 4043 in
1105 4005 1137 4044 se
1157 3987 1229 4067 ipso
1240 3987 1304 4044 sine

243 4067 354 4127 semine
372 4084 493 4125 earnem
516 4067 704 4143 sustentavit,
717 4086 780 4125 non
794 4075 902 4150 ,potest
921 4085 1029 4149 panem
1046 4069 1096 4128 sui
1113 4070 1210 4151 ipsius
1231 4086 1308 4131 uor-

64 4184 229 4242 ΜΝ
242 4170 302 4233 pus
322 4148 433 4221 facere,
458 4157 490 4206 et
505 4147 609 4208 vinum
628 4160 659 4209 et
676 4161 784 4229 aquam
805 4147 1000 4231 sanguinemi
1040 4152 1186 4212 Dixit-in
1214 4154 1304 4235 psin-

241 4234 337 4320 eipioz
357 4229 517 4298 Producat
534 4240 616 4307 terra
629 4231 949 4298 terbum-vinnam
969 4245 1001 4309 et
1019 4254 1116 4337 nsque
1129 4254 1213 4311 nune
1231 4232 1307 4320 piu*
