2790 4792
248 321 324 397 178
487 311 567 375 DE
610 300 1078 377 sacnaMEN‘t'o

148 526 153 531 ·
240 511 367 574 tantum,
385 498 501 587 quippe
518 518 587 561 cum
613 499 678 579 jam·
700 519 762 560 non
787 518 805 559 a
824 499 928 575 servis,
943 490 1010 560 ¹sed
1031 519 1048 560 a
1068 486 1175 562 liberis
1197 495 1316 565 offera-¹

240 598 302 644 tur.
344 585 385 644 Et
408 597 500 667 posta
544 585 699 660 Quoniam
729 587 823 668 igitur
858 606 926 644 cum
953 584 1145 666 simplicitate
1175 586 1316 650 Ecclesia

242 667 366 744 offert,-·
379 671 461 749 juste
492 688 600 728 munus
624 672 692 751 ejus
719 689 841 752 purum,
862 666 1045 729 sacrificium
1075 669 1160 752 apud
1195 670 1318 733 DEUM

244 753 422 835 deputatum
445 763 501 818 est.
543 751 677 836 Oportet
697 755 777 811 enim
803 773 858 813 nos
877 752 1064 813 oblationem
1084 751 1173 812 DEO
1203 755 1315 832 facere,

244 839 323 897 etin
342 837 483 897 omnibus
509 848 613 920 gratos
633 837 764 896 inveniri
786 836 966 897 fabricatori
991 836 1079 898 DEO
1112 839 1142 896 in
1165 843 1314 900 sententia

242 942 322 1005 pura
348 934 378 982 et
401 918 463 981 fide
495 923 558 982 sine
586 920 785 1004 hypochrisi,
822 923 855 981 in
885 943 938 1004 spe
962 918 1069 996 firma,
1088 922 1126 980 'in
1150 921 1313 984 dilectione

243 1004 391 1082 l'erveuti,
402 1006 550 1089 primitias
570 1026 684 1081 earum,
707 1017 883 1086 qnae-sunt
907 1005 973 1085 ejus
989 1017 1210 1082 creaturarum,
1238 1007 1315 1067 oile-

243 1100 359 1150 rentcs:
382 1100 412 1148 ct
432 1088 512 1149 banc
530 1088 717 1150 oblationem
733 1088 870 1171 Ecclesia
892 1090 957 1149 sola
978 1110 1086 1172 puram
1106 1089 1196 1150 offert
1217 1090 1314 1151 fabri-

244 1175 352 1250 catori,
374 1171 504 1234 offerens
529 1175 556 1233 ei
577 1194 648 1235 cum
668 1175 831 1257 gratiarnm
855 1174 975 1233 actione
1001 1194 1036 1232 ex
1068 1186 1209 1234 creatura
1237 1177 1311 1256 ejus.

244 1258 287 1318 Et
309 1269 516 1342 postpauca,
539 1256 577 1316 de
605 1257 763 1321 oblat-loire
779 1257 982 1338 ¹quorundam
1009 1255 1234 1318 haereticorum
1267 1259 1312 1319 lo-

70 1340 167 1432 2332}
180 1353 235 1432 ,⁰31
246 1362 351 1425 quens,
373 1342 429 1400 ait:
473 1342 641 1418 Quomodo
663 1353 761 1402 autem
786 1341 937 1402 constabit
954 1342 1013 1417 eis,
1043 1361 1118 1400 eum
1133 1360 1255 1424 panem,
1283 1345 1311 1402 in

17 1445 24 1457 ·
69 1405 155 1496 {nata
246 1448 310 1509 quo
330 1427 444 1508 gratiae
463 1437 547 1487 actae
570 1429 644 1505 sint,
667 1446 777 1508 corpus
803 1445 867 1485 esse
886 1427 1011 1484 Domini
1041 1426 1109 1500 sui,
1133 1437 1164 1485 et
1191 1428 1310 1487 calicem

244 1511 398 1593 sauguinis
418 1511 496 1592 ejus,
519 1511 545 1568 si
558 1530 630 1570 anon
654 1507 753 1592 ipsum
774 1507 970 1569 fabricatoris
992 1507 1099 1568 mundi
1135 1507 1236 1570 filium
1268 1511 1313 1571 di·

244 1606 322 1669 cant,
346 1594 378 1653 id
400 1592 697 1674 est‚vc1·hnmejus,
720 1614 779 1666 per
804 1593 891 1675 quod
915 1593 1030 1676 lignum
1058 1591 1244 1671 iructiflcat,
1266 1595 1316 1655 de·

242 1678 341 1739 ilnunt
365 1678 479 1738 fontest
503 1689 533 1738 et
559 1678 612 1738 dat
634 1674 772 1760 primum'
797 1678 921 1758 quidem
936 1677 1080 1736 foenum:
1114 1692 1188 1760 post
1210 1679 1317 1740 deinde

242 1765 366 1845 spicam,
386 1760 503 1821 deinde
524 1760 648 1845 plenum
670 1764 809 1822 triticum
834 1764 864 1820 in
888 1762 1003 1841 spicas·
1016 1762 1195 1837 'Quomodo
1218 1777 1321 1824 autem·

241 1866 350 1907 rursus
373 1843 490 1921 dicunt,
533 1865 653 1907 carnem
681 1849 711 1904 in
737 1845 966 1928 corruptionem
1000 1844 1162 1921 devenire,
1200 1860 1230 1907 et
1258 1866 1316 1909 non

267 1932 403 2013 ercipere
423 1932 526 2004 vitam,
554 1950 632 2011 quae
654 1948 671 1990 a
693 1944 824 2013 corpore
843 1929 968 1988 Domini
991 1939 1021 1988 et
1042 1931 1188 2012 sanguine
1210 1930 1317 1992 alitur?

242 1952 330 2098 Ergo
353 2024 407 2073 aut
427 2015 606 2074 sententiam
625 2022 753 2088 mutent,
776 2024 829 2073 aut
847 2011 1021 2073 abstineant
1043 2012 1215 2092 offerendo,
1233 2035 1314 2096 qnae

242 2098 401 2183 praedicta
415 2109 494 2158 sunt.
536 2097 650 2158 Nostra
673 2108 772 2156 antem
805 2116 975 2156 consonans
1000 2108 1044 2156 est
1070 2101 1219 2159 sententia
1249 2100 1313 2158 En-

244 2184 414 2257 charistiae,
426 2193 457 2242 et
465 2181 659 2244 Eucharistia
669 2178 961 2243 mammconfirmat
974 2182 1149 2241 sententiam
1166 2194 1325 2255 nostrane,

242 2267 407 2330 Offerimus
414 2268 493 2326 enim
504 2267 542 2343 ci,
550 2288 627 2349 qnae
638 2278 707 2327 sunt
714 2269 792 2346 ejus,
802 2277 1004 2348 congruenter
1015 2267 1316 2328 communicationem

242 2366 274 2415 et
289 2355 435 2412 unitatem
453 2351 660 2434 praedicantes
691 2352 791 2410 cernis
812 2361 841 2410 et
863 2351 998 2431 spiritus.
1053 2351 1319 2425 Quemadmodum

69 2495 82 2521 θ
112 2498 144 2527 m
223 2438 333 2512 ·enim,
358 2442 411 2517 qui
428 2446 478 2497 est'
494 2458 511 2496 a
527 2447 609 2497 terra
630 2437 717 2519 panis
739 2437 911 2518 percipiens
932 2434 1124 2494 vocationem
1146 2434 1234 2512 DEl,
1254 2437 1317 2516 ja'm

242 2540 305 2580 non
325 2523 492 2580 communis
510 2523 597 2602 panis
627 2533 689 2597 est,
711 2521 764 2579 sed
784 2518 995 2594 Eucharistia,
1025 2539 1060 2576 ex
1082 2517 1203 2579 duabus
1226 2520 1318 2580 rebus

230 2610 398 2678 constans,
421 2616 542 2664 terrena
562 2619 593 2665 et
613 2605 748 2664 caelesti:
769 2607 813 2664 sic
840 2615 870 2663 et
892 2622 1026 2684 corpora
1049 2614 1157 2663 nostra
1183 2605 1319 2687 percipi-

244 2688 325 2746 entia
346 2687 579 2763 Eucharistiam,
601 2690 664 2768 jam
684 2708 746 2746 noo
768 2700 841 2747 sunt
856 2686 1082 2769 corruptibilia,
1104 2708 1189 2770 spem
1210 2708 1319 2748 resur-

176 2836 183 2846 ·
244 2772 390 2830 rectionis
411 2770 563 2829 habentia.
606 2768 769 2830 Olierimus
793 2784 893 2831 autem
913 2772 950 2847 ei,
971 2791 1034 2830 non
1048 2773 1134 2851 qnasi
1157 2770 1317 2856 indigenti,

244 2852 299 2913 sed
326 2855 435 2934 gratias
468 2866 589 2936 agentes
613 2854 774 2914 donationi
797 2856 865 2936 ejus
873 2897 895 2931 „
920 2866 952 2915 et
979 2850 1203 2916 sanctificantes
1241 2876 1325 2917 crea·

246 2948 358 3001 turam.

69 3031 235 3080 malesuaso-
329 3033 358 3089 7.
402 3019 727 3082 CHRYSOSTOMUS
769 3021 800 3079 in
828 3018 951 3082 homilia
977 3043 1070 3105 snper
1101 3021 1182 3083 Psal.
1216 3022 1322 3102 XCV,

246 3103 325 3166 illud
358 3105 526 3166 Malachiae
551 3106 685 3166 citanst'·
710 3096 778 3165 Non
802 3117 847 3164 est
870 3126 934 3166 mea
955 3107 1096 3168 volontas
1126 3119 1182 3166 etc.
1226 3109 1317 3186 Vide,

246 3211 337 3273 quam
361 3189 539 3266 luculenter,
567 3196 719 3272 quamque
751 3186 885 3250 dilucide
911 3193 1066 3268 mysticam
1102 3192 1320 3274 interpretatus

69 3262 215 3356 ,mm
247 3288 292 3336 cst
306 3296 449 3373 mensam,
473 3295 552 3358 quae
575 3287 620 3337 est
636 3276 794 3347 incruenta
813 3273 923 3335 hostia.
966 3275 1143 3351 Thymiama
1161 3270 1234 3336 vero
1261 3298 1321 3360 pu-

247 3381 316 3419 rum
337 3359 470 3442 appellat
497 3381 596 3428 sacras
622 3380 745 3442 preces,
777 3378 855 3439 quae
880 3372 951 3443 post
983 3357 1112 3429 bostiam
1140 3360 1320 3421 offeruntur.

23 3516 26 3520 ι
245 3444 304 3504 Hic
323 3446 401 3504 enim
423 3443 540 3505 suffims
558 3446 659 3504 Deum
677 3443 838 3521 relocillat,
861 3464 925 3504 non
946 3445 982 3520 is,
1004 3446 1058 3524 qui
1081 3464 1098 3504 a
1120 3447 1253 3505 terrenis
1273 3465 1322 3505 ra·

70 3516 366 3611 „⁸·”,⁰,¹,}fff¹dicibus
392 3531 530 3602 sumitur,
556 3527 609 3599 sed
631 3530 686 3610 qui
707 3548 725 3586 a
743 3548 823 3611 puro
839 3529 934 3589 corde
956 3527 1119 3588 exhalatur.
1162 3527 1269 3605 Vides,
1288 3536 1323 3588 ut

246 3612 364 3693 ubique
395 3611 536 3671 locorum
559 3632 739 3675 concessum
774 3625 820 3673 est
842 3612 1009 3711 angelicum
1036 3610 1113 3671 illnd
1136 3611 1320 3673 sacrificium

246 3695 466 3779 inclarescere?
498 3696 583 3757 vides
606 3696 697 3756 nullis
719 3694 832 3774 linibus
867 3697 1129 3779 circumscriptum
1155 3717 1257 3778 neque
1279 3695 1322 3757 al-

245 3791 321 3855 tare,
343 3800 442 3860 neque
463 3781 634 3840 canticum?
675 3782 712 3841 In
736 3783 818 3841 omni
838 3780 908 3842 loco
928 3778 1094 3857 tbymiama
1114 3778 1244 3850 offertur
1262 3792 1323 3840 no·

68 3864 235 3958 mgr?
246 3865 321 3923 mini
348 3884 425 3924 meo.
469 3864 526 3926 Est
557 3867 650 3949 igitur
672 3863 771 3945 hostia
792 3884 886 3948 pura,
917 3867 1018 3948 prima
1043 3863 1167 3945 quidem
1196 3867 1321 3940 mystica

70 3965 189 4007 naseam.
211 3942 220 3954 ”
247 3968 359 4024 mensa,
374 3947 511 4011 'caeleste
532 3968 707 4033 summeque
726 3948 933 4009 venerandum
952 3947 1141 4011 sacrificium.
1184 3949 1242 4008 Est
1266 3967 1323 4008 au·

246 4043 310 4093 tom
327 4042 357 4091 e't
379 4034 410 4090 in
434 4034 525 4094 nobis
548 4037 632 4096 varia
653 4026 872 4095 sacrificiorum
891 4031 1071 4110 differentia,
1091 4045 1148 4094 etc.
1172 4032 1229 4093 ubi
1250 4050 1321 4093 cum

81 4163 222 4206 tartessia·
247 4116 435 4199 explicasset,
454 4118 550 4178 multa
571 4118 628 4179 alia
642 4138 718 4197 esse
738 4117 810 4177 nori
832 4119 1002 4177 testamenti
1015 4114 1175 4195 sacrificia,
1197 4117 1326 4177 conclu-

67 4211 172 4257 sesam
194 4180 233 4271 332
246 4199 293 4292 dit
322 4199 384 4262 hoo
415 4200 523 4263 modos
565 4201 719 4266 Habemus
752 4200 846 4283 igitur
872 4200 1007 4284 primum
1036 4199 1221 4265 sacrificium
1244 4198 1323 4263 illud
