2790 4792
348 259 885 383 au-cuiarsrrsa.
1077 322 1152 389 rm

451 495 755 562 «parnas,

173 682 201 738 1.
241 665 279 730 Δ.
298 667 490 743 oYmLLUS
512 668 546 727 L.
570 665 626 732 IV·
654 665 686 725 in
712 668 799 726 Joan.
832 688 859 729 c.
885 681 954 746 aa,
986 662 1081 751 super
1109 683 1250 730 carosne.
1264 688 1296 728 u.

85 753 193 818 rerba:
235 754 303 816 Hoc
328 775 380 815 vos
408 749 611 814 scandalizat?
653 749 686 808 Si
708 768 781 832 crgo
804 750 936 810 videritis
962 750 1059 812 filium
1083 751 1143 813 ho-

83 838 174 898 minis
194 839 409 916 ascendentem,
431 837 489 897 ubi
506 841 582 894 'erat
612 835 715 914 prius.
758 834 804 892 Ex
833 836 1004 918 imperitia,
1033 839 1141 918 inquit,
1154 839 1321 893 capsitanus

85 922 180 1002 multi,
196 925 249 1004 qui
269 922 422 983 Christum
445 917 662 998 sequebantur,
689 916 783 976 rerba
808 919 902 1000 ipsius
925 939 988 978 non
1016 900 1320 1001 capion-llllldv‘llll

85 1017 137 1081 tes,
159 997 437 1088 perturbabantur:
466 1023 535 1061 nam
557 1022 624 1059 cunr
650 1002 816 1076 audissent,
838 1003 931 1060 Amen
963 1023 1047 1062 amen
1070 985 1314 1065 dico³'¹²⁰¹¹⁰,¹⁰¹¹¹¹²'

83 1090 178 1166 robis,
198 1093 256 1151 nisi
270 1089 465 1152 comederitis
481 1106 600 1144 carnem
619 1081 675 1144 filii
696 1083 839 1160 hominis,
864 1097 894 1143 ct
911 1085 1053 1146 biberitis
1076 1091 1143 1168 ejus
1182 1097 1188 1108 ⁴

84 1177 264 1256 sanguinem,
284 1197 346 1237 non
372 1169 527 1232 habebitis
548 1169 639 1226 vitam
658 1171 688 1227 in
710 1170 815 1229 vobis:
840 1169 879 1228 ad
901 1170 1043 1237 immanes
1063 1171 1143 1231 sera·

82 1277 147 1317 rum
166 1280 267 1321 mores
291 1259 400 1318 vocari
422 1275 455 1312 se
481 1274 498 1312 a
519 1251 642 1311 Christo
668 1252 918 1328 arbitrabantur,
950 1256 1145 1333 incitarique,

82 1352 115 1399 ut
134 1343 247 1402 vellent
270 1341 384 1400 crudas
405 1337 537 1395 bominis
565 1356 668 1395 earnes
693 1337 898 1419 manducare,
925 1348 954 1395 ct
973 1339 1147 1418 sanguinem

81 1421 202 1485 bibere:
219 1446 305 1504 ,quae
318 1421 368 1480 vel
390 1419 498 1478 auditu
512 1417 677 1505 horribilia
700 1432 778 1478 sunt.
821 1420 966 1478 Nondum
988 1424 1068 1478 enim
1080 1442 1148 1496 my-

81 1511 166 1568 sterii
188 1508 285 1586 bajus
308 1505 439 1564 formam
454 1514 483 1562 et
498 1502 754 1586 dispensationem
776 1502 1012 1585 pulcherrimam
1035 1503 1150 1586 cogno-

79 1601 199 1651 verant.
242 1587 326 1647 Illud
340 1587 429 1646 etiam
449 1585 578 1646 adhaec
599 1587 780 1669 cogitabant,
802 1588 960 1668 quomodo
991 1608 1064 1646 earo
1089 1587 1150 1647 bu-

82 1676 133 1754 jus
156 1670 292 1730 hominis
314 1681 470 1744 aeternam,
488 1668 579 1732 nobis
603 1674 692 1730 vitam
715 1671 882 1754 largietur?
916 1683 969 1731 aut
988 1671 1145 1753 quomodo

84 1754 123 1816 ad
135 1751 400 1814 immortalitatem
423 1753 575 1814 adducere
590 1755 729 1837 poterit?
771 1756 858 1831 Quae
881 1773 974 1837 quum
992 1756 1146 1839 intellige-

81 1840 189 1912 retis,
213 1832 297 1914 cujus
319 1837 413 1899 oeulis
434 1840 534 1900 omnia
561 1840 645 1898 nuda
666 1852 738 1899 sunt
759 1853 848 1920 atque
874 1853 988 1924 aperta,
1012 1841 1068 1900 alia
1091 1861 1141 1900 eos

78 1944 113 1983 re
137 1919 269 1981 mirabili
286 1921 325 1981 ad
345 1920 440 1981 fidem·
455 1921 600 2004 impellit:
622 1924 760 2000 Frustra,
783 1926 894 2004 inquit,-
917 1947 936 1985 o
955 1946 1018 2000 vos,
1042 1945 1142 2007 prop·
1205 1929 1211 1937 ”

75 2019 124 2068 ter
143 2006 239 2065 verba
259 2026 324 2066 mea
354 2005 590 2066 conturbamini:
634 2007 728 2083 Quod
743 2010 768 2067 si
801 2009 926 2067 credere
944 2030 1007 2070 non
1038 2009 1139 2084 vultis,
1200 2058 1204 2065 ,

77 2092 169 2150 ritant
191 2087 277 2148 robis
302 2110 320 2150 a
348 2111 415 2149 meo
438 2111 567 2173 corpore
591 2088 674 2150 dari:
708 2092 783 2173 quid
806 2093 938 2167 facietis,
961 2095 1084 2173 quando
1108 2114 1160 2151 ru:

79 2168 194 2233 melum
213 2172 317 2234 volare
343 2194 390 2233 me
405 2175 632 2257 conspicietis?
673 2176 742 2235 Non
767 2177 846 2234 enim
876 2198 1069 2236 ascensurum
1092 2198 1139 2235 me

80 2256 309 2341 solummodoip
324 2257 438 2318 caelum
458 2257 617 2341 profiteor,
640 2279 678 2316 ne
698 2278 817 2334 rursus,
837 2259 993 2339 quomodo
1018 2261 1050 2316 id
1071 2259 1139 2316 lieri

81 2341 185 2424 possit,
206 2341 369 2422 quaeratis:
397 2342 451 2401 sed
476 2340 576 2401 oculis
599 2341 687 2399 etiam
718 2345 761 2400 ita
779 2340 848 2399 ficri
874 2345 982 2400 vestris
1002 2343 1139 2399 cernetis.

80 2423 165 2498 Quid
185 2425 278 2507 igitm·
298 2422 358 2484 lroc
381 2425 529 2499 videntes,
552 2424 682 2482 dicetis?
724 2425 773 2483 Au
794 2445 856 2482 non
888 2427 944 2483 erit
967 2423 1029 2482 boc
1056 2442 1141 2504 mag·
1237 2491 1241 2497 ,

73 2528 150 2568 num
172 2505 337 2568 dementiae
360 2520 478 2568 vestrae
503 2506 736 2588 argumentum?
768 2509 791 2564 si
820 2508 898 2565 enim
914 2509 1035 2588 putatis,
1071 2526 1140 2564 car·
1164 2551 1167 2557 .

72 2612 146 2651 nem
161 2611 255 2650 meam
275 2594 368 2652 vitam
385 2590 474 2651 vobis
495 2590 617 2650 adferre
651 2611 716 2672 non
740 2611 850 2672 posse,
882 2591 1040 2672 quomodo
1069 2602 1155 2649 tan-·

39 2710 42 2715 ι
72 2695 167 2756 quam
188 2675 318 2735 volucris
338 2678 371 2734 in
393 2672 511 2734 eaelum
534 2672 695 2735 ascendet?
724 2675 881 2755 quomodo
906 2696 962 2758 per
991 2682 1059 2734 acra
1080 2696 1136 2734 vo-

72 2758 173 2819 labit?
206 2758 267 2818 hoc
297 2759 375 2817 enim
401 2757 539 2816 similiter
573 2761 677 2840 generi
700 2758 833 2819 humano
866 2759 1051 2843 impossibile
1083 2755 1134 2818 est.

72 2841 173 2917 Quod
198 2850 224 2900 si
247 2852 370 2922 praeter
391 2853 528 2900 naturam
550 2861 624 2902 earo
657 2864 721 2902 mea
746 2846 776 2902 in
803 2845 917 2904 saelum
943 2844 1134 2916 conscendet,

70 2925 151 3008 quid
172 2922 330 3005 probibet,
351 2945 388 2983 ne
410 2925 547 2985 similiter
570 2939 690 3008 praeter
708 2941 847 2987 naturam
870 2927 1018 2987 vivificet?
1060 2925 1136 2986 Nam

71 3012 128 3092 qui
148 3018 293 3068 terrestre
313 3006 373 3067 boc
397 3030 519 3089 corpus,
549 3011 677 3071 caeleste
700 3014 850 3086 coniecit,
873 3015 898 3070 is
919 3015 1012 3070 ctiam
1036 3009 1136 3070 vivili-

70 3115 146 3154 cum
166 3089 311 3165 reddidit,
336 3093 470 3171 quamvis
489 3106 597 3154 natura
619 3097 674 3154 sui.
686 3096 890 3177 corruptibile
908 3095 1009 3152 fuerit.
1128 3147 1132 3153 ,
1264 3166 1270 3176 Ι

157 3189 188 3241 2.
230 3170 485 3235 AUGUSTINUS
505 3178 608 3242 Tract.
631 3191 680 3246 27.
696 3182 727 3237 in
749 3183 852 3238 lnam:
873 3178 952 3247 Caro
975 3197 1036 3235 non
1055 3195 1133 3255 pro·
1146 3170 1307 3222 ⁰³1‘h¹¹¹¹‘³¹¹²‘
1370 3183 1374 3191 ·

1144 3235 1192 3262 rum
1204 3225 1225 3257 ct
1239 3216 1306 3255 ‹lisel-

69 3259 141 3322 dest
177 3256 362 3340 quidquam:
389 3258 450 3318 ,scd
484 3260 642 3340 quomodo
671 3262 716 3320 illt
749 3255 962 3321 intellexerunt
976 3285 984 3317 ε
999 3273 1320 3360 ‘'car·11emppgqragncqqos3

68 3347 187 3427 quippe
220 3342 265 3402 sic
288 3341 520 3420 intellexerunt,
550 3345 708 3424 quomodo
723 3346 762 3404 >iu
778 3345 929 3404 cadavere
955 3343 1128 3417 dilaniatur,
1143 3361 1307 3417 ,mquam

66 3429 176 3490 autin
198 3426 326 3487 macello
355 3425 519 3501 venditur,
546 3448 610 3487 non
639 3430 798 3509 quomodo
823 3430 932 3510 spiritu
963 3438 1128 3509 vegetatur.
1140 3412 1307 3509 gtfft’g'fflw,

66 3511 150 3576 tide
176 3510 305 3570 eundem
325 3508 403 3594 Aug.
429 3513 461 3570 in
479 3509 628 3591 psalmum
648 3525 698 3580 98.
719 3513 777 3571 bae
796 3509 899 3571 eadem
916 3522 1029 3592 quaest.
1048 3511 1086 3568 D.
1102 3523 1144 3575 lv

151 3606 182 3662 ὅτ
224 3593 552 3676 coliculum-Epa
571 3595 595 3654 1.·
621 3597 654 3654 in
678 3599 775 3678 epist:
793 3596 928 3671 synodis.
958 3596 996 3655 ad
1022 3597 1131 3654 Nesto·
1192 3628 1201 3636 -

66 3684 165 3744 rium:
194 3678 299 3760 (quam
322 3677 528 3739 Alexandrino
556 3678 695 3739 Concilio
716 3680 877 3756 tribuunt,
907 3679 1011 3745 lectam
1034 3692 1132 3739 tamen
1158 3689 1306 3746 lacerantum

68 3781 99 3828 et
123 3764 325 3846 approbatam
348 3765 379 3822 in
407 3763 562 3846 Ephesius
588 3762 745 3836 synodoz)
789 3764 965 3827 Necessario
984 3767 1079 3847 igitur
1104 3737 1290 3821 et⁵a⁰¹²fi⁰¹⁰¹m

68 3849 128 3911 boc
147 3847 326 3927 adjicimus:
352 3847 587 3906 =An11uuciantes
599 3847 697 3922 cuim,
721 3844 798 3906 sicut
817 3846 979 3906 seeundum
1001 3852 1131 3921 earnem,

69 3945 197 3994 mortem
219 3932 368 4012 unigeniti
388 3930 446 3990 filii
467 3933 544 4006 Dei,
565 3928 605 3999 id'
622 3942 687 4005 est,¹
709 3931 780 3989 Jcsu
806 3929 947 4006 Chusa,
963 3943 1004 3990 et
1026 3952 1133 3991 resur-

71 4019 233 4077 rectionem
255 4017 322 4095 ejus
335 4030 375 4075 ct
394 4017 425 4073 iu
449 4016 549 4076 caelos
571 4017 775 4074 ascensionem
799 4016 914 4092 pariter
937 4015 1133 4090 confitentes,

68 4103 256 4162 incruentam
275 4097 459 4159 celebramus
480 4102 510 4160 in
533 4098 679 4160 Ecclesiis
695 4124 697 4129 ·
714 4098 855 4160 sacrificii
876 4094 1134 4161 sorbituteml‘sic

66 4185 154 4250 etiam
177 4182 219 4247 ad
235 4185 380 4260 mysticas
398 4182 629 4263 benedictiones
650 4181 838 4263 mesalimus,
862 4199 892 4246 at
913 4184 1136 4249 sanctificamur
