2790 4792
232 356 236 361 -
299 254 867 390 iuuenali-‘tertufla
1041 318 1119 389 loa
1187 292 1229 342 ’-

60 503 245 579 CHRISTI,
266 514 297 564 et
307 504 457 586 accipiunt
469 502 507 564 de
520 496 850 586 corporeetsauguine
870 495 953 587 ejnss
975 497 1029 561 sed
1042 492 1120 559 ado-

61 594 359 663 1·ant.tantum,non
374 590 466 660 [etiam
487 598 682 658 saturantur,
707 590 850 666 quoniam
871 611 932 650 non
951 588 1121 646 imitantur.

55 673 286 750 -Manducantes
301 698 304 704 ·
319 673 392 730 enim
416 693 599 756 pauperem,
625 669 828 752 dedignantur
860 695 921 735 esse
956 688 1119 753 pauperes:

65 760 140 837 quia
173 755 361 815 CHRISTUS
381 777 440 838 pro
468 757 558 814 nobis
573 774 676 835 passus
702 760 754 829 est,
768 754 940 837 relinquens
956 753 1046 813 nobis
1070 763 1290 813 emt-rusam·
1361 756 1364 760 ’

65 840 210 922 emplum,
230 852 264 898 ut
285 860 444 921 sequamur
457 843 581 919 vestigia
604 839 681 917 ejus.
712 839 936 899 ‘Verumtamen
958 837 1043 918 quod
1061 836 1122 894 hu-

65 925 192 986 miliavit
213 935 304 982 semet
324 927 433 1006 ipsum,
461 923 559 986 factus
581 932 625 979 est
648 921 792 982 obediens
810 944 909 1003 usque
929 923 967 981 ad
987 933 1123 994 mortem,

65 1022 196 1069 mortem
210 1018 307 1067 autem
328 1011 439 1082 crucis,
461 1019 659 1086 aspernantur
676 1006 792 1080 divites,
820 1019 850 1065 et
874 1007 980 1085 similia
1003 1006 1124 1086 perpeti
1186 1061 1194 1073 ,

67 1104 224 1174 respuunt,
247 1103 377 1166 timore,
410 1090 474 1150 nou
498 1088 720 1170 magnitudine:
748 1089 925 1150 infirmitate
948 1108 1037 1170 erga,
1062 1108 1125 1161 non

67 1180 198 1236 sanitate.
241 1176 303 1234 Sed
323 1177 395 1255 quia
419 1192 492 1254 ergo
519 1173 602 1230 Deus
630 1176 772 1234 excitavit
794 1196 862 1233 eum
892 1195 914 1247 a¹
928 1174 1081 1245 mortuis,
1095 1181 1127 1229 et

66 1259 189 1320 donavit
209 1261 237 1317 ei
256 1279 380 1331 nomen,
402 1255 487 1337 quod
510 1268 658 1336 estsuper
690 1264 777 1316 omne
797 1278 914 1333 nomen,
944 1268 980 1316 ut
1009 1257 1041 1312 in
1070 1273 1128 1311 no-

65 1347 143 1404 mine
166 1337 264 1403 JESU
285 1341 427 1400 flectatm·
448 1359 537 1398 omne
550 1361 629 1422 genu
650 1339 838 1416 caelestium,
866 1341 1075 1412 terrestrium,
1099 1347 1223 1402 etritup.
1238 1357 1265 1398 s,
1277 1355 1298 1397 s,

67 1429 270 1497 infernorum,
293 1423 372 1481 fama
394 1420 577 1481 celsitudinis
595 1425 672 1504 ejus,
695 1425 726 1482 et
742 1425 837 1508 gioria
859 1425 988 1482 nominis
1009 1423 1074 1502 ejus
1095 1422 1127 1478 in
1179 1408 1231 1450 '³⁰‘

66 1511 206 1570 Ecclesia
234 1525 471 1584 usquequaque
488 1506 613 1583 diffusa,
645 1511 775 1589 permoti
797 1521 826 1567 et
861 1508 921 1589 ipsi
942 1507 1063 1564 veniunt
1089 1504 1235 1609 adsaporet
1255 1554 1298 1595 att.

65 1614 209 1664 mensam,
225 1588 418 1646 *manducant
434 1600 463 1646 et
485 1590 623 1666 adorant,
648 1609 711 1651 non
732 1604 830 1651 tamen
851 1603 1034 1667 saturantur,
1056 1609 1127 1671 quia
1140 1620 1174 1646 am
1195 1605 1290 1644 troiani

68 1697 134 1739 non
153 1674 294 1732 esuriunt
314 1683 342 1730 et
362 1673 466 1731 sitiunt
480 1676 636 1753 justitiam.
1138 1654 1301 1746 diffiditis&

107 1794 112 1800 -
156 1768 184 1822 1.
228 1755 261 1814 C.
285 1754 602 1817 CHRYSOSTOMUS
626 1758 709 1819 hom.
732 1771 786 1827 24.
817 1759 848 1819 in
877 1757 901 1818 l.
931 1756 1021 1839 (ξομε
1062 1754 1130 1816 Hoc

69 1858 183 1922 corpus
203 1840 234 1897 iu
248 1858 390 1921 praesepe
409 1843 527 1899 reveriti
547 1842 616 1902 sunt
644 1844 737 1927 Magi,
758 1855 788 1903 et
817 1845 873 1902 viri
898 1844 983 1924 impii
1004 1850 1034 1900 et
1052 1839 1129 1900 bar-

67 1927 149 2000 bari,
179 1922 269 2009 longe
285 1924 391 1982 itinere
409 1924 561 2001 confecto,
580 1945 647 1986 curn
669 1930 779 1991 timone
797 1939 827 1988 et
844 1941 975 1987 tremore
995 1925 1126 2007 plurimo

68 2010 281 2071 adoraverunt.
323 2008 480 2089 Imitemur
502 2011 593 2091 igitur
606 2011 710 2070 saltem
730 2011 881 2081 barbaros
898 2031 965 2086 nos,
988 2010 1041 2090 qui
1059 2031 1128 2073 cae-

70 2093 171 2155 lorum
188 2093 266 2149 cives
290 2111 399 2153 sumus.
433 2092 489 2151 itti
507 2095 672 2157 enimcum
694 2095 727 2155 id
750 2116 893 2177 praesepe
919 2107 950 2154 et
973 2096 1132 2174 tugurium*
1231 2157 1238 2169 ,

68 2188 195 2250 tantum,
210 2177 313 2255 'neque
330 2197 434 2236 eorum
453 2179 625 2258 quicquam,
642 2201 720 2259 quae
737 2193 772 2238 tn
786 2201 866 2239 nunc
886 2179 1023 2250 intueris,
1042 2176 1128 2254 ride*
1139 2156 1303 2245 ffflmffiss

71 2273 150 2336 rent,
178 2280 288 2319 summa
319 2273 507 2321 accesserunt
526 2265 701 2321 reverentia
731 2274 762 2320 et
783 2263 925 2321 horrore.
980 2260 1029 2317 Tu
1056 2255 1303 2315 ver0¹⁰¹¹²⁵³⁸d⁰w

1140 2308 1193 2341 runt
1206 2302 1271 2341 curt-

70 2365 134 2409 non
152 2346 182 2403 in
197 2364 347 2426 *praesepe
373 2345 414 2420 id,
435 2345 488 2403 sed
522 2346 554 2401 in
579 2345 685 2403 altari:
718 2363 779 2402 non
800 2343 964 2416 mulierem,
990 2360 1070 2421 quae
1099 2342 1306 2436 inffiffissuffssi'

1228 2421 1235 2441 .

70 2428 150 2490 uluis
166 2434 273 2503 teneat,
291 2428 344 2487 sed
364 2427 552 2487 sacerdotem
570 2439 777 2508 praesentem,
800 2439 829 2484 et
860 2426 999 2504 spiritum
1018 2421 1307 2505 perd-'apuniana

71 2510 154 2573 unde
171 2532 261 2593 super
292 2513 462 2594 proposito.
488 2507 632 2567 diffusum
662 2507 813 2568 sacrificio
832 2509 924 2568 vides.
966 2508 1028 2568 Nec
1059 2509 1132 2566 sim·
1142 2493 1307 2578 ¹¹²³⁰¹³”‘¹“f·

70 2596 138 2681 pler
159 2609 194 2656 ut
214 2596 259 2653 itti
280 2615 392 2675 corpus
414 2593 550 2666 intueris,
572 2592 625 2650 sed
645 2603 674 2651 et
686 2595 753 2673 ejus
777 2594 941 2675 potentiam
962 2603 991 2652 et
1014 2613 1132 2651 omnem

72 2681 231 2763 cognoscis
259 2679 559 2748 administrationem,
578 2687 608 2734 et
632 2676 708 2751 nihil
734 2698 848 2752 eorum,
866 2698 943 2758 quae
962 2679 1132 2759 peripsum

73 2765 255 2834 factasunt,
278 2766 409 2843 ignoras,
432 2771 461 2817 et
479 2757 637 2840 diiigenter
662 2762 796 2822 initiatus
819 2783 848 2822 es
869 2765 901 2821 in
919 2761 1068 2822 omnibus.
1095 2749 1099 2761 .

159 2861 188 2911 2·
230 2844 334 2906 ITEM
356 2842 437 2901 hom.
454 2854 503 2908 61·
516 2843 555 2900 ad
576 2865 649 2927 pop.
668 2844 808 2906 Antioch.
830 2859 861 2907 et
889 2859 918 2913 5.
939 2846 978 2905 ad
1002 2844 1297 2927 Ephes.=1'⁰ss¹¹⁸²⁸¹²¹¹¹³

1146 2892 1252 2942 eum„qui
1260 2902 1309 2929 sur·

50 2910 262 3012 'Cogitemus
306 2925 369 2983 U⁰d
399 2924 483 2986 illum
509 2947 629 2987 sursum
654 2930 825 3006 sedentem,
861 2933 914 3012 qui
943 2930 981 2989 ab
1010 2929 1133 3010 Angelis
1146 2954 1195 2979 sum
1206 2939 1307 2996 saratas

72 3015 234 3085 adoratur,
254 3010 337 3070 huno
354 3008 551 3091 degustamus.
596 3014 762 3078 Considera
784 3036 906 3095 quaeso,
925 3033 1025 3072 mensa
1046 2989 1232 3093 rega-iffi?
1255 2986 1309 3027 ‘⁶⁰‘

72 3100 111 3162 lis
133 3107 179 3156 est
201 3095 347 3176 apposita,
369 3093 465 3174 augeli
489 3116 606 3156 mensae
625 3099 844 3173 ministrantes,
873 3099 939 3177 ipse
959 3116 1010 3154 rex
1038 3095 1132 3167 adest,

77 3197 108 3245 et
127 3196 165 3241 tu
189 3181 289 3241 adstas
306 3180 442 3237 oscitans.
484 3179 676 3242 Sordescunt'
694 3183 752 3247 tibi
776 3183 968 3252 vestimenta,
993 3190 1023 3237 et
1057 3176 1136 3257 nihii

76 3279 122 3331 cst
144 3263 201 3324 tibi
220 3283 320 3322 curae.
363 3261 403 3320 At
425 3280 503 3341 pura-
524 3277 603 3340 sunt,
629 3267 723 3347 igitur
758 3266 852 3324 adora
881 3277 910 3322 et
942 3264 1134 3322 communica.
1154 3254 1158 3263 “
1176 3309 1177 3312 ,
1195 3263 1310 3322 Adortus·
1363 3265 1367 3271 ’

76 3352 160 3417 Dum
180 3346 342 3429 profertur
358 3341 550 3420 sacrificium,
565 3360 594 3407 et
615 3349 809 3411 CHRISTUS
831 3346 1003 3407 immolatur
1023 3359 1054 3406 et
1073 3323 1297 3431 oyis⁰⁰⁰¹¹¹²⁰²⁸⁰⁸'

77 3436 251 3495 dominic&
286 3452 354 3489 cum
388 3430 536 3506 audieriS,
560 3452 677 3492 oremus
711 3454 812 3492 omues
838 3435 1051 3507 communiter,
1071 3451 1140 3492 cum

74 3519 142 3583 reia
160 3516 269 3574 videris
289 3513 413 3591 retrahi,
433 3526 507 3578 tunc
534 3534 663 3602 superne
680 3516 796 3582 caelum
825 3518 939 3607 aperis,
971 3517 1092 3598 cogita,
1111 3525 1141 3573 et
1223 3526 1230 3543 .

59 3599 202 3686 *angelos
223 3599 415 3658 descendere.

162 3697 191 3750 ὅ.
234 3682 341 3744 IDEM
365 3683 597 3757 Chrysostomus
621 3683 655 3743 L.
675 3685 731 3748 VI.
754 3683 792 3746 de
814 3683 986 3748 Sacerdos:
1027 3681 1089 3742 Per
1107 3679 1137 3740 id
1150 3693 1260 3750 Tempus
1279 3697 1314 3744 qa.

78 3782 197 3857 tempus
219 3777 249 3826 et
268 3765 366 3849 angeli
386 3767 536 3826 sacerdoti
555 3767 696 3843 assident,
719 3781 749 3827 et
766 3768 935 3834 caelestium
959 3777 1140 3849 potestatum
1152 3737 1315 3840 212⁶{¹.3..i¹.¹..⁸3

79 3857 238 3914 universus
264 3851 343 3910 ordo
364 3850 508 3914 clamores
529 3854 657 3927 excitat,
680 3863 709 3910 et
735 3849 821 3918 locus
843 3851 930 3909 altari
963 3853 1087 3923 ricinus,
1109 3845 1200 3928 inssfl‘m
1213 3835 1315 3926 ffiffj,

82 3938 161 3997 illins
188 3935 346 4009 honorem,
370 3939 424 4015 qui
442 3922 814 4018 immolatur,‘angeloruni
839 3935 943 3995 choris
958 3935 1062 4019 plenus
1086 3937 1182 3998 εει.ᾱο
1205 3940 1295 3988 magua·

81 4022 119 4081 Id
141 4019 226 4101 quod
249 4018 374 4078 credere
397 4018 518 4078 abunde
540 4016 620 4097 licet,
642 4019 690 4079 vel
721 4042 754 4082 ex
787 4032 873 4081 tanto
899 4019 952 4079 illo
982 4015 1142 4090 sacrificiu,

85 4104 169 4184 quod
190 4116 256 4188 tum
289 4105 454 4186 peragitur.
496 4104 562 4187 Ego
588 4125 659 4163 vero
696 4115 727 4162 et
753 4117 1031 4165 commemorantem
1074 4101 1148 4162 olim

83 4188 234 4275 quendam
251 4176 364 4264 audiri,
388 4207 457 4254 cum
479 4187 602 4266 diceret,
632 4208 733 4251 senem
746 4188 908 4276 quemdam
929 4191 1029 4255 virum
1047 4185 1150 4251 admi·

1137 1817 1234 1866 latta
1248 1823 1285 1862 11.
1319 1864 1325 1875 ,

1261 3596 1287 3625 41
