<?xml version="1.0" encoding="UTF-8"?>
<!DOCTYPE html PUBLIC "-//W3C//DTD XHTML 1.0 Transitional//EN"
    "http://www.w3.org/TR/xhtml1/DTD/xhtml1-transitional.dtd">
<html xmlns="http://www.w3.org/1999/xhtml" xml:lang="en" lang="en">
 <head>
  <title>
</title>
<meta http-equiv="Content-Type" content="text/html;charset=utf-8" />
  <meta name='ocr-system' content='tesseract 3.04.00' />
  <meta name='ocr-capabilities' content='ocr_page ocr_carea ocr_par ocr_line ocrx_word'/>
</head>
<body>
  <div class='ocr_page' id='page_1' title='image "./summadoctrinaec01kanigoog_0146.png"; bbox 0 0 2782 4786; ppageno 0'>
   <div class='ocr_carea' id='block_1_1' title="bbox 303 284 1113 394">
    <p class='ocr_par' dir='ltr' id='par_1_1' title="bbox 303 284 1113 394">
     <span class='ocr_line' id='line_1_1' title="bbox 303 284 1113 394; baseline 0.004 -13"><span class='ocrx_word' id='word_1_1' title='bbox 303 316 846 386; x_wconf 55' lang='grc' dir='ltr'>ἘΜ-1111111111.</span> <span class='ocrx_word' id='word_1_2' title='bbox 955 284 958 289; x_wconf 58' lang='grc'>“</span> <span class='ocrx_word' id='word_1_3' title='bbox 1037 320 1113 394; x_wconf 79' lang='lat' dir='ltr'>1ac</span> 
     </span>
    </p>
   </div>
   <div class='ocr_carea' id='block_1_2' title="bbox 48 501 1288 750">
    <p class='ocr_par' dir='ltr' id='par_1_2' title="bbox 48 501 1288 750">
     <span class='ocr_line' id='line_1_2' title="bbox 49 501 1211 591; baseline -0.022 -15"><span class='ocrx_word' id='word_1_4' title='bbox 49 513 159 577; x_wconf 82' lang='lat' dir='ltr'>BEO:</span> <span class='ocrx_word' id='word_1_5' title='bbox 181 513 264 575; x_wconf 90' lang='lat' dir='ltr'>omni</span> <span class='ocrx_word' id='word_1_6' title='bbox 290 520 391 571; x_wconf 87' lang='lat' dir='ltr'>autom</span> <span class='ocrx_word' id='word_1_7' title='bbox 412 506 481 567; x_wconf 92' lang='lat' dir='ltr'>loco</span> <span class='ocrx_word' id='word_1_8' title='bbox 502 503 683 566; x_wconf 81' lang='lat' dir='ltr'>sacrificium</span> <span class='ocrx_word' id='word_1_9' title='bbox 706 501 835 564; x_wconf 85' lang='lat' dir='ltr'>offertur</span> <span class='ocrx_word' id='word_1_10' title='bbox 857 506 896 587; x_wconf 88' lang='lat' dir='ltr'>ei,</span> <span class='ocrx_word' id='word_1_11' title='bbox 918 514 950 569; x_wconf 87' lang='lat' dir='ltr'>et</span> <span class='ocrx_word' id='word_1_12' title='bbox 967 503 1030 570; x_wconf 81' lang='lat' dir='ltr'>hcc</span> <span class='ocrx_word' id='word_1_13' title='bbox 1049 524 1114 591; x_wconf 78' lang='lat' dir='ltr'>pu.</span> <span class='ocrx_word' id='word_1_14' title='bbox 1174 503 1211 517; x_wconf 82' lang='grc'>’··</span> 
     </span>
     <span class='ocr_line' id='line_1_3' title="bbox 48 587 912 675; baseline -0.013 -14"><span class='ocrx_word' id='word_1_15' title='bbox 48 622 137 661; x_wconf 81' lang='lat' dir='ltr'>rum:</span> <span class='ocrx_word' id='word_1_16' title='bbox 158 618 268 660; x_wconf 89' lang='lat' dir='ltr'>nomen</span> <span class='ocrx_word' id='word_1_17' title='bbox 288 607 384 655; x_wconf 89' lang='lat' dir='ltr'>autem</span> <span class='ocrx_word' id='word_1_18' title='bbox 405 593 472 671; x_wconf 89' lang='lat' dir='ltr'>ejus</span> <span class='ocrx_word' id='word_1_19' title='bbox 495 587 742 675; x_wconf 75' lang='lat' dir='ltr'>glorificatur&#39;in</span> <span class='ocrx_word' id='word_1_20' title='bbox 763 587 912 672; x_wconf 77' lang='lat' dir='ltr'>gentibus.</span> 
     </span>
     <span class='ocr_line' id='line_1_4' title="bbox 138 673 1288 750; baseline -0.017 -7"><span class='ocrx_word' id='word_1_21' title='bbox 138 696 167 750; x_wconf 77' lang='lat'>3.</span> <span class='ocrx_word' id='word_1_22' title='bbox 210 680 317 743; x_wconf 86' lang='lat' dir='ltr'><strong>IDEM</strong></span> <span class='ocrx_word' id='word_1_23' title='bbox 335 679 368 738; x_wconf 89' lang='lat' dir='ltr'>L.</span> <span class='ocrx_word' id='word_1_24' title='bbox 392 677 447 742; x_wconf 90' lang='lat' dir='ltr'>IV.</span> <span class='ocrx_word' id='word_1_25' title='bbox 475 697 501 735; x_wconf 90' lang='lat' dir='ltr'>c.</span> <span class='ocrx_word' id='word_1_26' title='bbox 526 687 600 743; x_wconf 59' lang='lat' dir='ltr'>aa:</span> <span class='ocrx_word' id='word_1_27' title='bbox 642 673 810 750; x_wconf 87' lang='lat' dir='ltr'><strong>Quomodo</strong></span> <span class='ocrx_word' id='word_1_28' title='bbox 842 673 1218 737; x_wconf 70' lang='lat' dir='ltr'>autemconsabitvaaa·</span> <span class='ocrx_word' id='word_1_29' title='bbox 1235 695 1288 729; x_wconf 68' lang='lat' dir='ltr'>aar.</span> 
     </span>
    </p>
   </div>
   <div class='ocr_carea' id='block_1_3' title="bbox 51 733 1320 2025">
    <p class='ocr_par' dir='ltr' id='par_1_3' title="bbox 51 733 1320 1012">
     <span class='ocr_line' id='line_1_5' title="bbox 53 733 1289 850; baseline -0.007 -23"><span class='ocrx_word' id='word_1_30' title='bbox 53 769 106 842; x_wconf 88' lang='lat' dir='ltr'>eis,</span> <span class='ocrx_word' id='word_1_31' title='bbox 131 786 200 826; x_wconf 91' lang='lat' dir='ltr'>cum</span> <span class='ocrx_word' id='word_1_32' title='bbox 218 785 335 850; x_wconf 89' lang='lat' dir='ltr'>panem,</span> <span class='ocrx_word' id='word_1_33' title='bbox 357 764 387 822; x_wconf 88' lang='lat' dir='ltr'>in</span> <span class='ocrx_word' id='word_1_34' title='bbox 405 780 469 843; x_wconf 90' lang='lat' dir='ltr'>quo</span> <span class='ocrx_word' id='word_1_35' title='bbox 494 761 607 843; x_wconf 77' lang='lat' dir='ltr'>gratiae</span> <span class='ocrx_word' id='word_1_36' title='bbox 619 760 715 819; x_wconf 84' lang='lat' dir='ltr'>factae</span> <span class='ocrx_word' id='word_1_37' title='bbox 732 759 801 833; x_wconf 86' lang='lat' dir='ltr'>sint,</span> <span class='ocrx_word' id='word_1_38' title='bbox 820 768 936 843; x_wconf 87' lang='lat' dir='ltr'>&#39;eorpus</span> <span class='ocrx_word' id='word_1_39' title='bbox 958 780 1022 821; x_wconf 89' lang='lat' dir='ltr'>esse</span> <span class='ocrx_word' id='word_1_40' title='bbox 1041 733 1289 826; x_wconf 49' lang='lat' dir='ltr'>catillum?</span> 
     </span>
     <span class='ocr_line' id='line_1_6' title="bbox 51 834 1320 928; baseline -0.017 -18"><span class='ocrx_word' id='word_1_41' title='bbox 51 852 127 910; x_wconf 82' lang='lat' dir='ltr'>mini</span> <span class='ocrx_word' id='word_1_42' title='bbox 154 853 213 927; x_wconf 86' lang='lat' dir='ltr'>sui,</span> <span class='ocrx_word' id='word_1_43' title='bbox 236 863 266 911; x_wconf 89' lang='lat' dir='ltr'>et</span> <span class='ocrx_word' id='word_1_44' title='bbox 290 847 410 909; x_wconf 81' lang='lat' dir='ltr'><strong>calicem</strong></span> <span class='ocrx_word' id='word_1_45' title='bbox 428 845 584 927; x_wconf 82' lang='lat' dir='ltr'>sanguinis</span> <span class='ocrx_word' id='word_1_46' title='bbox 604 847 687 924; x_wconf 86' lang='lat' dir='ltr'>ejus,</span> <span class='ocrx_word' id='word_1_47' title='bbox 720 846 744 901; x_wconf 90' lang='lat' dir='ltr'>si</span> <span class='ocrx_word' id='word_1_48' title='bbox 770 862 831 901; x_wconf 91' lang='lat' dir='ltr'>non</span> <span class='ocrx_word' id='word_1_49' title='bbox 856 845 957 928; x_wconf 88' lang='lat' dir='ltr'>ipsum</span> <span class='ocrx_word' id='word_1_50' title='bbox 979 834 1290 924; x_wconf 52' lang='lat' dir='ltr'>fabrica-ffissgss,2‚⁶“·</span> <span class='ocrx_word' id='word_1_51' title='bbox 1317 838 1320 845; x_wconf 79' lang='grc'><em>’</em></span> 
     </span>
     <span class='ocr_line' id='line_1_7' title="bbox 52 926 1111 1012; baseline -0.008 -17"><span class='ocrx_word' id='word_1_52' title='bbox 52 937 128 996; x_wconf 87' lang='lat' dir='ltr'>toris</span> <span class='ocrx_word' id='word_1_53' title='bbox 148 934 252 995; x_wconf 88' lang='lat' dir='ltr'>mundi</span> <span class='ocrx_word' id='word_1_54' title='bbox 269 932 368 993; x_wconf 86' lang='lat' dir='ltr'>filium</span> <span class='ocrx_word' id='word_1_55' title='bbox 392 929 503 1005; x_wconf 90' lang='lat' dir='ltr'>dicant,</span> <span class='ocrx_word' id='word_1_56' title='bbox 525 926 559 987; x_wconf 91' lang='lat' dir='ltr'>id</span> <span class='ocrx_word' id='word_1_57' title='bbox 586 940 651 1005; x_wconf 87' lang='lat' dir='ltr'>est,</span> <span class='ocrx_word' id='word_1_58' title='bbox 672 927 798 986; x_wconf 83' lang='lat' dir='ltr'>verbum</span> <span class='ocrx_word' id='word_1_59' title='bbox 828 928 912 1008; x_wconf 87' lang='lat' dir='ltr'>ejus,</span> <span class='ocrx_word' id='word_1_60' title='bbox 946 948 1003 1011; x_wconf 89' lang='lat' dir='ltr'>per</span> <span class='ocrx_word' id='word_1_61' title='bbox 1026 929 1111 1012; x_wconf 90' lang='lat' dir='ltr'>quod</span> 
     </span>
    </p>

    <p class='ocr_par' dir='ltr' id='par_1_4' title="bbox 54 1009 1288 1348">
     <span class='ocr_line' id='line_1_8' title="bbox 55 1009 1288 1102; baseline -0.007 -23"><span class='ocrx_word' id='word_1_62' title='bbox 55 1019 169 1102; x_wconf 79' lang='lat' dir='ltr'>lignum</span> <span class='ocrx_word' id='word_1_63' title='bbox 192 1015 376 1091; x_wconf 84' lang='lat' dir='ltr'>fructificat,</span> <span class='ocrx_word' id='word_1_64' title='bbox 399 1012 539 1074; x_wconf 87' lang='lat' dir='ltr'>defluunt</span> <span class='ocrx_word' id='word_1_65' title='bbox 564 1011 681 1088; x_wconf 87' lang='lat' dir='ltr'>fontes,</span> <span class='ocrx_word' id='word_1_66' title='bbox 704 1025 733 1070; x_wconf 82' lang='lat' dir='ltr'>et</span> <span class='ocrx_word' id='word_1_67' title='bbox 751 1009 805 1070; x_wconf 87' lang='lat' dir='ltr'>dat</span> <span class='ocrx_word' id='word_1_68' title='bbox 829 1012 961 1094; x_wconf 79' lang='lat' dir='ltr'>primum</span> <span class='ocrx_word' id='word_1_69' title='bbox 988 1015 1112 1096; x_wconf 84' lang='lat' dir='ltr'>quidem</span> <span class='ocrx_word' id='word_1_70' title='bbox 1123 1011 1193 1100; x_wconf 50' lang='lat'>233,</span> <span class='ocrx_word' id='word_1_71' title='bbox 1205 1015 1288 1099; x_wconf 50' lang='lat'>5352?</span> 
     </span>
     <span class='ocr_line' id='line_1_9' title="bbox 54 1072 1288 1185; baseline -0.006 -22"><span class='ocrx_word' id='word_1_72' title='bbox 54 1103 187 1180; x_wconf 75' lang='lat' dir='ltr'>foenum,</span> <span class='ocrx_word' id='word_1_73' title='bbox 212 1114 284 1185; x_wconf 86' lang='lat' dir='ltr'>post</span> <span class='ocrx_word' id='word_1_74' title='bbox 316 1097 430 1161; x_wconf 90' lang='lat' dir='ltr'>deinde</span> <span class='ocrx_word' id='word_1_75' title='bbox 459 1097 593 1180; x_wconf 82' lang='lat' dir='ltr'><strong>spicam,</strong></span> <span class='ocrx_word' id='word_1_76' title='bbox 625 1095 735 1155; x_wconf 81' lang='lat' dir='ltr'>deinde</span> <span class='ocrx_word' id='word_1_77' title='bbox 771 1094 896 1177; x_wconf 88' lang='lat' dir='ltr'>plenum</span> <span class='ocrx_word' id='word_1_78' title='bbox 922 1098 1059 1159; x_wconf 87' lang='lat' dir='ltr'>triticum</span> <span class='ocrx_word' id='word_1_79' title='bbox 1081 1101 1148 1158; x_wconf 73' lang='lat' dir='ltr'>inre</span> <span class='ocrx_word' id='word_1_80' title='bbox 1161 1116 1184 1149; x_wconf 74' lang='lat' dir='ltr'>n</span> <span class='ocrx_word' id='word_1_81' title='bbox 1197 1072 1288 1168; x_wconf 60' lang='lat' dir='ltr'>sapiri·</span> 
     </span>
     <span class='ocr_line' id='line_1_10' title="bbox 54 1160 1265 1269; baseline -0.005 -22"><span class='ocrx_word' id='word_1_82' title='bbox 54 1189 147 1269; x_wconf 85' lang='lat' dir='ltr'>spica.</span> <span class='ocrx_word' id='word_1_83' title='bbox 189 1186 358 1263; x_wconf 87' lang='lat' dir='ltr'><strong>Quomodo</strong></span> <span class='ocrx_word' id='word_1_84' title='bbox 372 1193 472 1242; x_wconf 89' lang='lat' dir='ltr'>autem</span> <span class='ocrx_word' id='word_1_85' title='bbox 489 1200 596 1240; x_wconf 87' lang='lat' dir='ltr'>rursus</span> <span class='ocrx_word' id='word_1_86' title='bbox 607 1181 713 1239; x_wconf 85' lang='lat' dir='ltr'>dicunt</span> <span class='ocrx_word' id='word_1_87' title='bbox 732 1182 912 1257; x_wconf 76' lang='lat' dir='ltr'>carnemiu</span> <span class='ocrx_word' id='word_1_88' title='bbox 936 1185 1115 1266; x_wconf 88' lang='lat' dir='ltr'>corruptio-</span> <span class='ocrx_word' id='word_1_89' title='bbox 1124 1172 1153 1200; x_wconf 70' lang='lat'>¹¹⁶</span> <span class='ocrx_word' id='word_1_90' title='bbox 1163 1160 1265 1204; x_wconf 56' lang='grc' dir='ltr'>ΠΜ·</span> 
     </span>
     <span class='ocr_line' id='line_1_11' title="bbox 56 1265 1118 1348; baseline -0.003 -19"><span class='ocrx_word' id='word_1_91' title='bbox 56 1291 124 1330; x_wconf 89' lang='lat' dir='ltr'>nem</span> <span class='ocrx_word' id='word_1_92' title='bbox 137 1269 292 1347; x_wconf 77' lang='lat' dir='ltr'>devenire,</span> <span class='ocrx_word' id='word_1_93' title='bbox 313 1281 345 1329; x_wconf 87' lang='lat' dir='ltr'>et</span> <span class='ocrx_word' id='word_1_94' title='bbox 362 1286 428 1326; x_wconf 89' lang='lat' dir='ltr'>non</span> <span class='ocrx_word' id='word_1_95' title='bbox 451 1265 610 1348; x_wconf 82' lang='lat' dir='ltr'>percipere</span> <span class='ocrx_word' id='word_1_96' title='bbox 629 1266 729 1338; x_wconf 84' lang='lat' dir='ltr'>vitam,</span> <span class='ocrx_word' id='word_1_97' title='bbox 752 1283 831 1344; x_wconf 87' lang='lat' dir='ltr'>quae</span> <span class='ocrx_word' id='word_1_98' title='bbox 853 1284 870 1324; x_wconf 90' lang='lat' dir='ltr'>a</span> <span class='ocrx_word' id='word_1_99' title='bbox 895 1284 1026 1348; x_wconf 86' lang='lat' dir='ltr'>corpore</span> <span class='ocrx_word' id='word_1_100' title='bbox 1042 1267 1118 1326; x_wconf 80' lang='grc' dir='ltr'><strong>’Βο-</strong></span> 
     </span>
    </p>

    <p class='ocr_par' dir='ltr' id='par_1_5' title="bbox 54 1348 1119 1683">
     <span class='ocr_line' id='line_1_12' title="bbox 54 1348 1119 1436; baseline -0.003 -23"><span class='ocrx_word' id='word_1_101' title='bbox 54 1357 127 1414; x_wconf 90' lang='lat' dir='ltr'>mini</span> <span class='ocrx_word' id='word_1_102' title='bbox 148 1365 179 1414; x_wconf 85' lang='lat' dir='ltr'>et</span> <span class='ocrx_word' id='word_1_103' title='bbox 199 1355 345 1436; x_wconf 74' lang='lat' dir='ltr'>sauguine</span> <span class='ocrx_word' id='word_1_104' title='bbox 368 1350 476 1409; x_wconf 82' lang='lat' dir='ltr'>alitur?</span> <span class='ocrx_word' id='word_1_105' title='bbox 518 1348 602 1432; x_wconf 86' lang='lat' dir='ltr'>Ergo</span> <span class='ocrx_word' id='word_1_106' title='bbox 622 1360 675 1407; x_wconf 77' lang='lat' dir='ltr'>aiat</span> <span class='ocrx_word' id='word_1_107' title='bbox 698 1349 875 1408; x_wconf 82' lang='lat' dir='ltr'>senteutiam</span> <span class='ocrx_word' id='word_1_108' title='bbox 903 1361 1036 1425; x_wconf 85' lang='lat' dir='ltr'>mutent,</span> <span class='ocrx_word' id='word_1_109' title='bbox 1064 1359 1119 1410; x_wconf 85' lang='lat' dir='ltr'>aut</span> 
     </span>
     <span class='ocr_line' id='line_1_13' title="bbox 55 1431 1118 1514; baseline -0.006 -15"><span class='ocrx_word' id='word_1_110' title='bbox 55 1439 226 1498; x_wconf 86' lang='lat' dir='ltr'>abstineant</span> <span class='ocrx_word' id='word_1_111' title='bbox 246 1433 418 1509; x_wconf 88' lang='lat' dir='ltr'>offerendo,</span> <span class='ocrx_word' id='word_1_112' title='bbox 449 1452 528 1514; x_wconf 91' lang='lat' dir='ltr'>quae</span> <span class='ocrx_word' id='word_1_113' title='bbox 579 1434 713 1491; x_wconf 87' lang='lat' dir='ltr'>raedicta</span> <span class='ocrx_word' id='word_1_114' title='bbox 745 1443 824 1491; x_wconf 77' lang='lat' dir='ltr'>siant.</span> <span class='ocrx_word' id='word_1_115' title='bbox 873 1431 988 1494; x_wconf 85' lang='lat' dir='ltr'>Nostra</span> <span class='ocrx_word' id='word_1_116' title='bbox 1017 1444 1118 1495; x_wconf 86' lang='lat' dir='ltr'>autem</span> 
     </span>
     <span class='ocr_line' id='line_1_14' title="bbox 56 1455 1118 1590; baseline -0.006 -7"><span class='ocrx_word' id='word_1_117' title='bbox 56 1532 294 1583; x_wconf 75' lang='lat' dir='ltr'>consonans&#39;est</span> <span class='ocrx_word' id='word_1_118' title='bbox 315 1519 461 1577; x_wconf 89' lang='lat' dir='ltr'>sententia</span> <span class='ocrx_word' id='word_1_119' title='bbox 486 1455 705 1590; x_wconf 65' lang='lat' dir='ltr'>Eueiaristiae,</span> <span class='ocrx_word' id='word_1_120' title='bbox 734 1527 764 1576; x_wconf 88' lang='lat' dir='ltr'>et</span> <span class='ocrx_word' id='word_1_121' title='bbox 796 1515 988 1578; x_wconf 74' lang='lat' dir='ltr'>Eucharinia</span> <span class='ocrx_word' id='word_1_122' title='bbox 1010 1519 1118 1578; x_wconf 78' lang='lat' dir='ltr'>rursus</span> 
     </span>
     <span class='ocr_line' id='line_1_15' title="bbox 55 1599 1119 1683; baseline -0.004 -18"><span class='ocrx_word' id='word_1_123' title='bbox 55 1604 220 1667; x_wconf 83' lang='lat' dir='ltr'>confirmat</span> <span class='ocrx_word' id='word_1_124' title='bbox 249 1602 428 1661; x_wconf 88' lang='lat' dir='ltr'>sententiam</span> <span class='ocrx_word' id='word_1_125' title='bbox 464 1611 609 1660; x_wconf 90' lang='lat' dir='ltr'>nostram.</span> <span class='ocrx_word' id='word_1_126' title='bbox 665 1599 828 1674; x_wconf 74' lang='lat' dir='ltr'>Offerimus</span> <span class='ocrx_word' id='word_1_127' title='bbox 851 1601 930 1661; x_wconf 89' lang='lat' dir='ltr'>enim</span> <span class='ocrx_word' id='word_1_128' title='bbox 961 1603 1006 1678; x_wconf 83' lang='lat' dir='ltr'>ei,</span> <span class='ocrx_word' id='word_1_129' title='bbox 1040 1621 1119 1683; x_wconf 89' lang='lat' dir='ltr'>quae</span> 
     </span>
    </p>

    <p class='ocr_par' dir='ltr' id='par_1_6' title="bbox 55 1681 1296 2025">
     <span class='ocr_line' id='line_1_16' title="bbox 58 1681 1292 1775; baseline -0.004 -28"><span class='ocrx_word' id='word_1_130' title='bbox 58 1700 134 1748; x_wconf 86' lang='lat' dir='ltr'>sunt</span> <span class='ocrx_word' id='word_1_131' title='bbox 165 1689 233 1765; x_wconf 84' lang='lat' dir='ltr'>ejus</span> <span class='ocrx_word' id='word_1_132' title='bbox 255 1696 467 1766; x_wconf 80' lang='lat' dir='ltr'>congruenter,</span> <span class='ocrx_word' id='word_1_133' title='bbox 486 1685 788 1745; x_wconf 80' lang='lat' dir='ltr'>communicationem</span> <span class='ocrx_word' id='word_1_134' title='bbox 808 1694 838 1744; x_wconf 92' lang='lat' dir='ltr'>et</span> <span class='ocrx_word' id='word_1_135' title='bbox 855 1688 1002 1746; x_wconf 88' lang='lat' dir='ltr'>unitatem</span> <span class='ocrx_word' id='word_1_136' title='bbox 1024 1706 1118 1769; x_wconf 88' lang='lat' dir='ltr'>prae-</span> <span class='ocrx_word' id='word_1_137' title='bbox 1128 1681 1292 1775; x_wconf 53' lang='lat' dir='ltr'>{gijmffi</span> 
     </span>
     <span class='ocr_line' id='line_1_17' title="bbox 59 1747 1277 1852; baseline 0.002 -22"><span class='ocrx_word' id='word_1_138' title='bbox 59 1772 195 1831; x_wconf 85' lang='lat' dir='ltr'>dicantes</span> <span class='ocrx_word' id='word_1_139' title='bbox 214 1771 312 1829; x_wconf 85' lang='lat' dir='ltr'>carnis</span> <span class='ocrx_word' id='word_1_140' title='bbox 346 1779 375 1828; x_wconf 89' lang='lat' dir='ltr'>et</span> <span class='ocrx_word' id='word_1_141' title='bbox 395 1769 530 1851; x_wconf 86' lang='lat' dir='ltr'>spiritus.</span> <span class='ocrx_word' id='word_1_142' title='bbox 573 1768 836 1844; x_wconf 82' lang='lat' dir='ltr'>Quemadmodum</span> <span class='ocrx_word' id='word_1_143' title='bbox 858 1773 1011 1852; x_wconf 88' lang='lat' dir='ltr'>enim-qui</span> <span class='ocrx_word' id='word_1_144' title='bbox 1032 1780 1078 1830; x_wconf 84' lang='lat' dir='ltr'>est</span> <span class='ocrx_word' id='word_1_145' title='bbox 1098 1747 1277 1842; x_wconf 64' lang='lat' dir='ltr'>aponeolnl</span> 
     </span>
     <span class='ocr_line' id='line_1_18' title="bbox 57 1837 1296 1935; baseline 0.004 -20"><span class='ocrx_word' id='word_1_146' title='bbox 57 1865 144 1915; x_wconf 89' lang='lat' dir='ltr'>terra</span> <span class='ocrx_word' id='word_1_147' title='bbox 164 1853 249 1934; x_wconf 88' lang='lat' dir='ltr'>panis</span> <span class='ocrx_word' id='word_1_148' title='bbox 270 1853 438 1935; x_wconf 82' lang='lat' dir='ltr'>percipiens</span> <span class='ocrx_word' id='word_1_149' title='bbox 467 1854 654 1913; x_wconf 83' lang='lat' dir='ltr'>vocationem</span> <span class='ocrx_word' id='word_1_150' title='bbox 674 1853 748 1929; x_wconf 91' lang='lat' dir='ltr'>Dci,</span> <span class='ocrx_word' id='word_1_151' title='bbox 772 1853 835 1933; x_wconf 89' lang='lat' dir='ltr'>jam</span> <span class='ocrx_word' id='word_1_152' title='bbox 864 1876 928 1916; x_wconf 89' lang='lat' dir='ltr'>non</span> <span class='ocrx_word' id='word_1_153' title='bbox 949 1837 1296 1934; x_wconf 62' lang='lat' dir='ltr'>communisiiiii&#39;oii&#39;iic.</span> 
     </span>
     <span class='ocr_line' id='line_1_19' title="bbox 55 1929 1294 2025; baseline -0.002 -28"><span class='ocrx_word' id='word_1_154' title='bbox 55 1939 146 2019; x_wconf 80' lang='lat' dir='ltr'>panis</span> <span class='ocrx_word' id='word_1_155' title='bbox 169 1934 535 2014; x_wconf 84' lang='lat' dir='ltr'>est,schuel1aristia,</span> <span class='ocrx_word' id='word_1_156' title='bbox 557 1958 591 1996; x_wconf 86' lang='lat' dir='ltr'>ex</span> <span class='ocrx_word' id='word_1_157' title='bbox 613 1934 731 1996; x_wconf 86' lang='lat' dir='ltr'>duabus</span> <span class='ocrx_word' id='word_1_158' title='bbox 759 1937 851 1998; x_wconf 90' lang='lat' dir='ltr'>rebus</span> <span class='ocrx_word' id='word_1_159' title='bbox 872 1952 1029 2017; x_wconf 80' lang='lat' dir='ltr'>constans,</span> <span class='ocrx_word' id='word_1_160' title='bbox 1051 1929 1294 2025; x_wconf 46' lang='lat' dir='ltr'>ter-ffifflgm</span> 
     </span>
    </p>
   </div>
   <div class='ocr_carea' id='block_1_4' title="bbox 25 2018 1294 2116">
    <p class='ocr_par' dir='ltr' id='par_1_7' title="bbox 25 2018 1294 2116">
     <span class='ocr_line' id='line_1_20' title="bbox 25 2018 1294 2116; baseline 0.002 -37"><span class='ocrx_word' id='word_1_161' title='bbox 25 2048 28 2053; x_wconf 96' lang='lat'><em>·</em></span> <span class='ocrx_word' id='word_1_162' title='bbox 56 2041 131 2080; x_wconf 88' lang='lat' dir='ltr'>rena</span> <span class='ocrx_word' id='word_1_163' title='bbox 154 2030 184 2078; x_wconf 92' lang='lat' dir='ltr'>et</span> <span class='ocrx_word' id='word_1_164' title='bbox 204 2018 343 2084; x_wconf 87' lang='lat' dir='ltr'>caelesti:</span> <span class='ocrx_word' id='word_1_165' title='bbox 385 2022 429 2080; x_wconf 91' lang='lat' dir='ltr'>sic</span> <span class='ocrx_word' id='word_1_166' title='bbox 450 2032 481 2083; x_wconf 92' lang='lat' dir='ltr'>et</span> <span class='ocrx_word' id='word_1_167' title='bbox 501 2041 633 2103; x_wconf 86' lang='lat' dir='ltr'>corpora</span> <span class='ocrx_word' id='word_1_168' title='bbox 651 2033 756 2080; x_wconf 84' lang='lat' dir='ltr'>nostra</span> <span class='ocrx_word' id='word_1_169' title='bbox 773 2024 973 2106; x_wconf 84' lang='lat' dir='ltr'>percipientin</span> <span class='ocrx_word' id='word_1_170' title='bbox 993 2021 1188 2116; x_wconf 41' lang='lat' dir='ltr'>leucha-gg?</span> <span class='ocrx_word' id='word_1_171' title='bbox 1204 2034 1294 2116; x_wconf 44' lang='grc' dir='ltr'>Ἢ.</span> 
     </span>
    </p>
   </div>
   <div class='ocr_carea' id='block_1_5' title="bbox 56 2104 1297 2947">
    <p class='ocr_par' dir='ltr' id='par_1_8' title="bbox 56 2104 1283 2354">
     <span class='ocr_line' id='line_1_21' title="bbox 56 2104 1283 2188; baseline -0.001 -24"><span class='ocrx_word' id='word_1_172' title='bbox 56 2105 182 2179; x_wconf 80' lang='lat' dir='ltr'>iistiam,</span> <span class='ocrx_word' id='word_1_173' title='bbox 205 2104 269 2184; x_wconf 86' lang='lat' dir='ltr'>jam</span> <span class='ocrx_word' id='word_1_174' title='bbox 289 2124 351 2163; x_wconf 89' lang='lat' dir='ltr'>non</span> <span class='ocrx_word' id='word_1_175' title='bbox 371 2115 443 2164; x_wconf 89' lang='lat' dir='ltr'>sunt</span> <span class='ocrx_word' id='word_1_176' title='bbox 460 2105 688 2188; x_wconf 85' lang='lat' dir='ltr'>corruptibilia,</span> <span class='ocrx_word' id='word_1_177' title='bbox 708 2126 792 2186; x_wconf 88' lang='lat' dir='ltr'>spem</span> <span class='ocrx_word' id='word_1_178' title='bbox 812 2109 1043 2169; x_wconf 87' lang='lat' dir='ltr'>resurrectionis</span> <span class='ocrx_word' id='word_1_179' title='bbox 1060 2106 1173 2185; x_wconf 51' lang='lat' dir='ltr'>hasstem</span> <span class='ocrx_word' id='word_1_180' title='bbox 1191 2125 1283 2166; x_wconf 68' lang='lat' dir='ltr'>acuam</span> 
     </span>
     <span class='ocr_line' id='line_1_22' title="bbox 56 2174 1270 2275; baseline -0.001 -25"><span class='ocrx_word' id='word_1_181' title='bbox 56 2187 173 2251; x_wconf 74' lang='lat' dir='ltr'>benna</span> <span class='ocrx_word' id='word_1_182' title='bbox 215 2187 376 2250; x_wconf 85' lang='lat' dir='ltr'>Offerimus</span> <span class='ocrx_word' id='word_1_183' title='bbox 398 2199 496 2249; x_wconf 90' lang='lat' dir='ltr'>autem</span> <span class='ocrx_word' id='word_1_184' title='bbox 524 2191 552 2249; x_wconf 92' lang='lat' dir='ltr'>ei</span> <span class='ocrx_word' id='word_1_185' title='bbox 583 2209 644 2248; x_wconf 91' lang='lat' dir='ltr'>non</span> <span class='ocrx_word' id='word_1_186' title='bbox 670 2191 755 2270; x_wconf 79' lang='lat' dir='ltr'>qnasi</span> <span class='ocrx_word' id='word_1_187' title='bbox 780 2191 936 2275; x_wconf 80' lang='lat' dir='ltr'>indigenti,</span> <span class='ocrx_word' id='word_1_188' title='bbox 967 2191 1021 2252; x_wconf 88' lang='lat' dir='ltr'>sed</span> <span class='ocrx_word' id='word_1_189' title='bbox 1046 2174 1270 2275; x_wconf 58' lang='lat' dir='ltr'>gra-ffi&#39;ffl&#39;</span> 
     </span>
     <span class='ocr_line' id='line_1_23' title="bbox 57 2272 1032 2354; baseline 0.002 -22"><span class='ocrx_word' id='word_1_190' title='bbox 57 2273 115 2333; x_wconf 85' lang='lat' dir='ltr'>tias</span> <span class='ocrx_word' id='word_1_191' title='bbox 137 2278 256 2354; x_wconf 81' lang='lat' dir='ltr'>egentes</span> <span class='ocrx_word' id='word_1_192' title='bbox 281 2272 439 2332; x_wconf 90' lang='lat' dir='ltr'>donationi</span> <span class='ocrx_word' id='word_1_193' title='bbox 460 2275 537 2353; x_wconf 76' lang='lat' dir='ltr'>ejuS,</span> <span class='ocrx_word' id='word_1_194' title='bbox 566 2283 593 2332; x_wconf 90' lang='lat' dir='ltr'>et</span> <span class='ocrx_word' id='word_1_195' title='bbox 614 2273 833 2333; x_wconf 74' lang='lat' dir='ltr'>sanctificantes</span> <span class='ocrx_word' id='word_1_196' title='bbox 856 2288 1032 2334; x_wconf 87' lang='lat' dir='ltr'>creaturam.</span> 
     </span>
    </p>

    <p class='ocr_par' dir='ltr' id='par_1_9' title="bbox 59 2355 1297 2947">
     <span class='ocr_line' id='line_1_24' title="bbox 143 2355 1122 2423; baseline -0.003 -7"><span class='ocrx_word' id='word_1_197' title='bbox 143 2368 173 2423; x_wconf 69' lang='grc'>4.</span> <span class='ocrx_word' id='word_1_198' title='bbox 215 2356 406 2416; x_wconf 84' lang='lat' dir='ltr'>HlLllRlUS</span> <span class='ocrx_word' id='word_1_199' title='bbox 427 2355 542 2417; x_wconf 87' lang='lat' dir='ltr'>Pictav.</span> <span class='ocrx_word' id='word_1_200' title='bbox 563 2358 589 2417; x_wconf 89' lang='lat' dir='ltr'>L</span> <span class='ocrx_word' id='word_1_201' title='bbox 613 2370 642 2422; x_wconf 86' lang='lat'>8.</span> <span class='ocrx_word' id='word_1_202' title='bbox 669 2356 706 2414; x_wconf 90' lang='lat' dir='ltr'>de</span> <span class='ocrx_word' id='word_1_203' title='bbox 734 2357 863 2416; x_wconf 78' lang='lat' dir='ltr'>Triuia:</span> <span class='ocrx_word' id='word_1_204' title='bbox 906 2358 976 2417; x_wconf 87' lang='lat' dir='ltr'>Non</span> <span class='ocrx_word' id='word_1_205' title='bbox 996 2370 1041 2417; x_wconf 88' lang='lat' dir='ltr'>est</span> <span class='ocrx_word' id='word_1_206' title='bbox 1059 2356 1122 2415; x_wconf 94' lang='lat' dir='ltr'>hu-</span> 
     </span>
     <span class='ocr_line' id='line_1_25' title="bbox 59 2437 1126 2521; baseline -0.006 -18"><span class='ocrx_word' id='word_1_207' title='bbox 59 2459 149 2503; x_wconf 86' lang='lat' dir='ltr'>mano</span> <span class='ocrx_word' id='word_1_208' title='bbox 172 2452 224 2500; x_wconf 89' lang='lat' dir='ltr'>aut</span> <span class='ocrx_word' id='word_1_209' title='bbox 246 2440 339 2501; x_wconf 89' lang='lat' dir='ltr'>seculi</span> <span class='ocrx_word' id='word_1_210' title='bbox 354 2460 444 2499; x_wconf 91' lang='lat' dir='ltr'>sensu</span> <span class='ocrx_word' id='word_1_211' title='bbox 468 2441 500 2499; x_wconf 92' lang='lat' dir='ltr'>in</span> <span class='ocrx_word' id='word_1_212' title='bbox 520 2440 579 2499; x_wconf 92' lang='lat' dir='ltr'>Dei</span> <span class='ocrx_word' id='word_1_213' title='bbox 606 2440 697 2510; x_wconf 70' lang='lat' dir='ltr'>relius</span> <span class='ocrx_word' id='word_1_214' title='bbox 721 2437 927 2519; x_wconf 88' lang='lat' dir='ltr'>loquendum,</span> <span class='ocrx_word' id='word_1_215' title='bbox 950 2461 1049 2521; x_wconf 90' lang='lat' dir='ltr'>neque</span> <span class='ocrx_word' id='word_1_216' title='bbox 1068 2459 1126 2520; x_wconf 87' lang='lat' dir='ltr'>per</span> 
     </span>
     <span class='ocr_line' id='line_1_26' title="bbox 59 2523 1126 2608; baseline -0.003 -22"><span class='ocrx_word' id='word_1_217' title='bbox 59 2524 220 2586; x_wconf 81' lang='lat' dir='ltr'>violentam</span> <span class='ocrx_word' id='word_1_218' title='bbox 236 2537 326 2608; x_wconf 84' lang='lat' dir='ltr'>atque</span> <span class='ocrx_word' id='word_1_219' title='bbox 337 2524 560 2606; x_wconf 87' lang='lat' dir='ltr'>imprudentem</span> <span class='ocrx_word' id='word_1_220' title='bbox 572 2523 827 2605; x_wconf 78' lang='lat' dir='ltr'>praedicationem</span> <span class='ocrx_word' id='word_1_221' title='bbox 840 2524 1010 2584; x_wconf 87' lang='lat' dir='ltr'>caelestium</span> <span class='ocrx_word' id='word_1_222' title='bbox 1024 2523 1126 2583; x_wconf 90' lang='lat' dir='ltr'>dicto·-</span> 
     </span>
     <span class='ocr_line' id='line_1_27' title="bbox 62 2596 1126 2692; baseline -0.001 -24"><span class='ocrx_word' id='word_1_223' title='bbox 62 2622 130 2668; x_wconf 84' lang='lat' dir='ltr'>rum</span> <span class='ocrx_word' id='word_1_224' title='bbox 151 2610 269 2669; x_wconf 88' lang='lat' dir='ltr'>sanitati</span> <span class='ocrx_word' id='word_1_225' title='bbox 291 2609 528 2688; x_wconf 78' lang='lat' dir='ltr'>alienac„atque</span> <span class='ocrx_word' id='word_1_226' title='bbox 551 2602 661 2690; x_wconf 83' lang='lat' dir='ltr'>impiae</span> <span class='ocrx_word' id='word_1_227' title='bbox 684 2596 896 2692; x_wconf 77' lang='lat' dir='ltr'>intelligentiae</span> <span class='ocrx_word' id='word_1_228' title='bbox 921 2621 1004 2670; x_wconf 81' lang='lat' dir='ltr'>exter</span> <span class='ocrx_word' id='word_1_229' title='bbox 1037 2606 1126 2671; x_wconf 82' lang='lat' dir='ltr'>tenda</span> 
     </span>
     <span class='ocr_line' id='line_1_28' title="bbox 61 2631 1125 2779; baseline 0 -26"><span class='ocrx_word' id='word_1_230' title='bbox 61 2695 241 2777; x_wconf 83' lang='lat' dir='ltr'>perversitas</span> <span class='ocrx_word' id='word_1_231' title='bbox 261 2705 313 2754; x_wconf 87' lang='lat' dir='ltr'>cst.</span> <span class='ocrx_word' id='word_1_232' title='bbox 358 2693 446 2770; x_wconf 84' lang='lat' dir='ltr'>Quae</span> <span class='ocrx_word' id='word_1_233' title='bbox 464 2693 578 2774; x_wconf 85' lang='lat' dir='ltr'>scriptu</span> <span class='ocrx_word' id='word_1_234' title='bbox 599 2705 678 2766; x_wconf 87' lang='lat' dir='ltr'>sunt,</span> <span class='ocrx_word' id='word_1_235' title='bbox 706 2691 844 2773; x_wconf 83' lang='lat' dir='ltr'>legamus,</span> <span class='ocrx_word' id='word_1_236' title='bbox 872 2707 902 2756; x_wconf 89' lang='lat' dir='ltr'>ct</span> <span class='ocrx_word' id='word_1_237' title='bbox 922 2631 1125 2779; x_wconf 60' lang='lat' dir='ltr'>quaeligeri-</span> 
     </span>
     <span class='ocr_line' id='line_1_29' title="bbox 61 2773 1123 2864; baseline 0.003 -28"><span class='ocrx_word' id='word_1_238' title='bbox 61 2796 138 2852; x_wconf 88' lang='lat' dir='ltr'>mus,</span> <span class='ocrx_word' id='word_1_239' title='bbox 163 2777 381 2862; x_wconf 80' lang='lat' dir='ltr'>intelligamus,</span> <span class='ocrx_word' id='word_1_240' title='bbox 402 2789 433 2835; x_wconf 91' lang='lat' dir='ltr'>et</span> <span class='ocrx_word' id='word_1_241' title='bbox 456 2785 528 2836; x_wconf 87' lang='lat' dir='ltr'>tunc</span> <span class='ocrx_word' id='word_1_242' title='bbox 555 2778 704 2858; x_wconf 82' lang='lat' dir='ltr'>perlectae</span> <span class='ocrx_word' id='word_1_243' title='bbox 729 2773 802 2837; x_wconf 83' lang='lat' dir='ltr'>fid&#39;ei</span> <span class='ocrx_word' id='word_1_244' title='bbox 831 2781 932 2841; x_wconf 91' lang='lat' dir='ltr'>officio</span> <span class='ocrx_word' id='word_1_245' title='bbox 952 2779 1123 2864; x_wconf 81' lang='lat' dir='ltr'>fungemur.</span> 
     </span>
     <span class='ocr_line' id='line_1_30' title="bbox 61 2855 1297 2947; baseline 0.004 -27"><span class='ocrx_word' id='word_1_246' title='bbox 61 2860 109 2920; x_wconf 90' lang='lat' dir='ltr'>De</span> <span class='ocrx_word' id='word_1_247' title='bbox 130 2860 260 2921; x_wconf 83' lang='lat' dir='ltr'>naturali</span> <span class='ocrx_word' id='word_1_248' title='bbox 286 2863 365 2921; x_wconf 89' lang='lat' dir='ltr'>enim</span> <span class='ocrx_word' id='word_1_249' title='bbox 388 2863 420 2919; x_wconf 91' lang='lat' dir='ltr'>in</span> <span class='ocrx_word' id='word_1_250' title='bbox 449 2861 540 2921; x_wconf 88' lang='lat' dir='ltr'>nobis</span> <span class='ocrx_word' id='word_1_251' title='bbox 562 2861 722 2922; x_wconf 83' lang='lat' dir='ltr'>CHRISTI</span> <span class='ocrx_word' id='word_1_252' title='bbox 744 2855 1122 2947; x_wconf 64' lang='lat' dir='ltr'>veritatequac&#39;dicimus,</span> <span class='ocrx_word' id='word_1_253' title='bbox 1156 2858 1297 2899; x_wconf 53' lang='lat' dir='ltr'>⁰⁶²⁰fi¹⁸²⁰</span> 
     </span>
    </p>
   </div>
   <div class='ocr_carea' id='block_1_6' title="bbox 60 2908 1299 3032">
    <p class='ocr_par' dir='ltr' id='par_1_10' title="bbox 60 2908 1299 3032">
     <span class='ocr_line' id='line_1_31' title="bbox 83 2908 1299 2963; baseline -0.012 -2"><span class='ocrx_word' id='word_1_254' title='bbox 83 2946 117 2961; x_wconf 79' lang='lat'>··</span> <span class='ocrx_word' id='word_1_255' title='bbox 286 2945 293 2959; x_wconf 87' lang='lat'><strong>.</strong></span> <span class='ocrx_word' id='word_1_256' title='bbox 332 2948 338 2959; x_wconf 91' lang='lat'>.</span> <span class='ocrx_word' id='word_1_257' title='bbox 671 2947 677 2962; x_wconf 87' lang='grc'><em>,</em></span> <span class='ocrx_word' id='word_1_258' title='bbox 735 2947 741 2960; x_wconf 79' lang='grc'><strong>.</strong></span> <span class='ocrx_word' id='word_1_259' title='bbox 806 2948 812 2961; x_wconf 83' lang='grc'><em>,</em></span> <span class='ocrx_word' id='word_1_260' title='bbox 1133 2908 1299 2963; x_wconf 71' lang='lat' dir='ltr'>carnieetsau-</span> 
     </span>
     <span class='ocr_line' id='line_1_32' title="bbox 60 2939 1272 3032; baseline 0.001 -27"><span class='ocrx_word' id='word_1_261' title='bbox 60 2964 122 3005; x_wconf 84' lang='lat' dir='ltr'>nrsr</span> <span class='ocrx_word' id='word_1_262' title='bbox 143 2945 181 3004; x_wconf 89' lang='lat' dir='ltr'>ab</span> <span class='ocrx_word' id='word_1_263' title='bbox 205 2964 240 3001; x_wconf 90' lang='lat' dir='ltr'>co</span> <span class='ocrx_word' id='word_1_264' title='bbox 265 2942 416 3020; x_wconf 81' lang='lat' dir='ltr'>discimus,</span> <span class='ocrx_word' id='word_1_265' title='bbox 437 2945 529 3006; x_wconf 90' lang='lat' dir='ltr'>stulte</span> <span class='ocrx_word' id='word_1_266' title='bbox 551 2959 644 3028; x_wconf 88' lang='lat' dir='ltr'>atquc</span> <span class='ocrx_word' id='word_1_267' title='bbox 669 2968 760 3030; x_wconf 79' lang='lat' dir='ltr'>impie</span> <span class='ocrx_word' id='word_1_268' title='bbox 783 2939 926 3013; x_wconf 81' lang='lat' dir='ltr'>dicimus:</span> <span class='ocrx_word' id='word_1_269' title='bbox 957 2952 1021 3032; x_wconf 92' lang='lat' dir='ltr'>ipsc</span> <span class='ocrx_word' id='word_1_270' title='bbox 1043 2954 1122 3012; x_wconf 90' lang='lat' dir='ltr'>enim</span> <span class='ocrx_word' id='word_1_271' title='bbox 1132 2959 1208 3012; x_wconf 66' lang='lat' dir='ltr'>arinis</span> <span class='ocrx_word' id='word_1_272' title='bbox 1225 2969 1272 3006; x_wconf 69' lang='lat' dir='ltr'>noc</span> 
     </span>
    </p>
   </div>
   <div class='ocr_carea' id='block_1_7' title="bbox 59 3007 1280 3607">
    <p class='ocr_par' dir='ltr' id='par_1_11' title="bbox 59 3007 1280 3286">
     <span class='ocr_line' id='line_1_33' title="bbox 62 3007 1280 3120; baseline 0.002 -30"><span class='ocrx_word' id='word_1_273' title='bbox 62 3029 128 3090; x_wconf 83' lang='lat' dir='ltr'>ait:</span> <span class='ocrx_word' id='word_1_274' title='bbox 172 3027 249 3087; x_wconf 87' lang='lat' dir='ltr'>Caro</span> <span class='ocrx_word' id='word_1_275' title='bbox 269 3048 334 3086; x_wconf 89' lang='lat' dir='ltr'>mea</span> <span class='ocrx_word' id='word_1_276' title='bbox 352 3048 420 3088; x_wconf 88' lang='lat' dir='ltr'>vera</span> <span class='ocrx_word' id='word_1_277' title='bbox 442 3041 486 3089; x_wconf 85' lang='lat' dir='ltr'>cst</span> <span class='ocrx_word' id='word_1_278' title='bbox 506 3052 583 3106; x_wconf 88' lang='lat' dir='ltr'>esca,</span> <span class='ocrx_word' id='word_1_279' title='bbox 611 3044 641 3090; x_wconf 89' lang='lat' dir='ltr'>ct</span> <span class='ocrx_word' id='word_1_280' title='bbox 662 3039 780 3116; x_wconf 69' lang='lat' dir='ltr'>salignis</span> <span class='ocrx_word' id='word_1_281' title='bbox 803 3055 887 3094; x_wconf 90' lang='lat' dir='ltr'>meus</span> <span class='ocrx_word' id='word_1_282' title='bbox 908 3055 979 3096; x_wconf 84' lang='lat' dir='ltr'>vere</span> <span class='ocrx_word' id='word_1_283' title='bbox 1000 3050 1045 3099; x_wconf 88' lang='lat' dir='ltr'>est</span> <span class='ocrx_word' id='word_1_284' title='bbox 1065 3007 1280 3120; x_wconf 63' lang='lat' dir='ltr'>po-lllalllllil&#39;</span> 
     </span>
     <span class='ocr_line' id='line_1_34' title="bbox 59 3107 1212 3203; baseline 0.016 -37"><span class='ocrx_word' id='word_1_285' title='bbox 59 3124 123 3193; x_wconf 75' lang='lat' dir='ltr'>¹tus.</span> <span class='ocrx_word' id='word_1_286' title='bbox 171 3110 233 3186; x_wconf 87' lang='lat' dir='ltr'>Qui</span> <span class='ocrx_word' id='word_1_287' title='bbox 255 3109 317 3169; x_wconf 91' lang='lat' dir='ltr'>edit</span> <span class='ocrx_word' id='word_1_288' title='bbox 338 3131 455 3171; x_wconf 89' lang='lat' dir='ltr'>carnem</span> <span class='ocrx_word' id='word_1_289' title='bbox 476 3134 587 3192; x_wconf 87' lang='lat' dir='ltr'>meam,</span> <span class='ocrx_word' id='word_1_290' title='bbox 611 3127 640 3174; x_wconf 87' lang='lat' dir='ltr'>ct</span> <span class='ocrx_word' id='word_1_291' title='bbox 658 3115 744 3176; x_wconf 69' lang='lat' dir='ltr'>&#39;bibit</span> <span class='ocrx_word' id='word_1_292' title='bbox 764 3121 942 3203; x_wconf 78' lang='lat' dir='ltr'>sanguinem</span> <span class='ocrx_word' id='word_1_293' title='bbox 962 3141 1070 3201; x_wconf 86' lang='lat' dir='ltr'>meum,</span> <span class='ocrx_word' id='word_1_294' title='bbox 1093 3125 1125 3183; x_wconf 89' lang='lat' dir='ltr'>in</span> <span class='ocrx_word' id='word_1_295' title='bbox 1135 3107 1212 3147; x_wconf 50' lang='lat'>¹⁰⁰³*</span> 
     </span>
     <span class='ocr_line' id='line_1_35' title="bbox 62 3195 1128 3286; baseline 0.01 -30"><span class='ocrx_word' id='word_1_296' title='bbox 62 3216 111 3257; x_wconf 87' lang='lat' dir='ltr'>me</span> <span class='ocrx_word' id='word_1_297' title='bbox 125 3206 226 3253; x_wconf 90' lang='lat' dir='ltr'>manet</span> <span class='ocrx_word' id='word_1_298' title='bbox 243 3202 272 3253; x_wconf 89' lang='lat' dir='ltr'>et</span> <span class='ocrx_word' id='word_1_299' title='bbox 292 3214 348 3276; x_wconf 83' lang='lat' dir='ltr'>ego</span> <span class='ocrx_word' id='word_1_300' title='bbox 372 3195 402 3253; x_wconf 86' lang='lat' dir='ltr'>in</span> <span class='ocrx_word' id='word_1_301' title='bbox 424 3215 469 3255; x_wconf 90' lang='lat' dir='ltr'>eo.</span> <span class='ocrx_word' id='word_1_302' title='bbox 511 3198 558 3258; x_wconf 89' lang='lat' dir='ltr'>De</span> <span class='ocrx_word' id='word_1_303' title='bbox 571 3201 706 3271; x_wconf 85' lang='lat' dir='ltr'>veritate</span> <span class='ocrx_word' id='word_1_304' title='bbox 724 3204 822 3261; x_wconf 89' lang='lat' dir='ltr'>carnis</span> <span class='ocrx_word' id='word_1_305' title='bbox 842 3214 872 3262; x_wconf 87' lang='lat' dir='ltr'>et</span> <span class='ocrx_word' id='word_1_306' title='bbox 891 3207 1043 3286; x_wconf 82' lang='lat' dir='ltr'>sanguinis</span> <span class='ocrx_word' id='word_1_307' title='bbox 1064 3230 1128 3269; x_wconf 91' lang='lat' dir='ltr'>non</span> 
     </span>
    </p>

    <p class='ocr_par' dir='ltr' id='par_1_12' title="bbox 63 3277 1131 3460">
     <span class='ocr_line' id='line_1_36' title="bbox 65 3277 1130 3419; baseline 0.013 -79"><span class='ocrx_word' id='word_1_308' title='bbox 65 3279 192 3341; x_wconf 84' lang='lat' dir='ltr'>relictus</span> <span class='ocrx_word' id='word_1_309' title='bbox 217 3288 263 3337; x_wconf 90' lang='lat' dir='ltr'>est</span> <span class='ocrx_word' id='word_1_310' title='bbox 283 3278 454 3419; x_wconf 61' lang='lat' dir='ltr'>ambipendi</span> <span class='ocrx_word' id='word_1_311' title='bbox 476 3277 575 3352; x_wconf 81' lang='lat' dir='ltr'>loens3</span> <span class='ocrx_word' id='word_1_312' title='bbox 605 3304 686 3344; x_wconf 79' lang='lat' dir='ltr'>nuiic</span> <span class='ocrx_word' id='word_1_313' title='bbox 715 3289 793 3345; x_wconf 91' lang='lat' dir='ltr'>enim</span> <span class='ocrx_word' id='word_1_314' title='bbox 829 3296 860 3346; x_wconf 89' lang='lat' dir='ltr'>et</span> <span class='ocrx_word' id='word_1_315' title='bbox 886 3290 983 3371; x_wconf 89' lang='lat' dir='ltr'>ipsius</span> <span class='ocrx_word' id='word_1_316' title='bbox 1004 3292 1130 3354; x_wconf 88' lang='lat' dir='ltr'>Domini</span> 
     </span>
     <span class='ocr_line' id='line_1_37' title="bbox 63 3360 1131 3460; baseline 0.015 -38"><span class='ocrx_word' id='word_1_317' title='bbox 63 3362 278 3449; x_wconf 87' lang='lat' dir='ltr'>professione,</span> <span class='ocrx_word' id='word_1_318' title='bbox 309 3373 341 3423; x_wconf 91' lang='lat' dir='ltr'>et</span> <span class='ocrx_word' id='word_1_319' title='bbox 372 3360 546 3424; x_wconf 83' lang='lat' dir='ltr'>idenostra</span> <span class='ocrx_word' id='word_1_320' title='bbox 563 3388 631 3426; x_wconf 86' lang='lat' dir='ltr'>rere</span> <span class='ocrx_word' id='word_1_321' title='bbox 663 3390 735 3430; x_wconf 91' lang='lat' dir='ltr'>caro</span> <span class='ocrx_word' id='word_1_322' title='bbox 766 3383 827 3445; x_wconf 88' lang='lat' dir='ltr'>est,</span> <span class='ocrx_word' id='word_1_323' title='bbox 857 3385 888 3433; x_wconf 90' lang='lat' dir='ltr'>et</span> <span class='ocrx_word' id='word_1_324' title='bbox 916 3395 985 3434; x_wconf 84' lang='lat' dir='ltr'>rere</span> <span class='ocrx_word' id='word_1_325' title='bbox 1009 3379 1131 3460; x_wconf 80' lang='lat' dir='ltr'>sanguis</span> 
     </span>
    </p>

    <p class='ocr_par' dir='ltr' id='par_1_13' title="bbox 65 3444 1131 3535">
     <span class='ocr_line' id='line_1_38' title="bbox 65 3444 1131 3535; baseline 0.011 -27"><span class='ocrx_word' id='word_1_326' title='bbox 65 3459 121 3508; x_wconf 81' lang='lat' dir='ltr'>est</span> <span class='ocrx_word' id='word_1_327' title='bbox 164 3446 206 3505; x_wconf 89' lang='lat' dir='ltr'>Et</span> <span class='ocrx_word' id='word_1_328' title='bbox 227 3444 303 3506; x_wconf 88' lang='lat' dir='ltr'>haec</span> <span class='ocrx_word' id='word_1_329' title='bbox 325 3457 449 3528; x_wconf 88' lang='lat' dir='ltr'>accepta</span> <span class='ocrx_word' id='word_1_330' title='bbox 471 3455 561 3528; x_wconf 89' lang='lat' dir='ltr'>atque</span> <span class='ocrx_word' id='word_1_331' title='bbox 589 3449 696 3512; x_wconf 85' lang='lat' dir='ltr'>hausta</span> <span class='ocrx_word' id='word_1_332' title='bbox 723 3455 755 3514; x_wconf 88' lang='lat' dir='ltr'>id</span> <span class='ocrx_word' id='word_1_333' title='bbox 784 3455 937 3535; x_wconf 89' lang='lat' dir='ltr'>efficiunt,</span> <span class='ocrx_word' id='word_1_334' title='bbox 962 3471 998 3519; x_wconf 92' lang='lat' dir='ltr'>ut</span> <span class='ocrx_word' id='word_1_335' title='bbox 1023 3473 1052 3521; x_wconf 92' lang='lat' dir='ltr'>et</span> <span class='ocrx_word' id='word_1_336' title='bbox 1075 3482 1131 3522; x_wconf 91' lang='lat' dir='ltr'>nos</span> 
     </span>
    </p>

    <p class='ocr_par' dir='ltr' id='par_1_14' title="bbox 66 3529 1134 3607">
     <span class='ocr_line' id='line_1_39' title="bbox 66 3529 1134 3607; baseline 0.015 -16"><span class='ocrx_word' id='word_1_337' title='bbox 66 3532 98 3591; x_wconf 89' lang='lat' dir='ltr'>in</span> <span class='ocrx_word' id='word_1_338' title='bbox 121 3529 315 3607; x_wconf 84' lang='lat' dir='ltr'>CHRISTO,</span> <span class='ocrx_word' id='word_1_339' title='bbox 346 3542 377 3591; x_wconf 87' lang='lat' dir='ltr'>ct</span> <span class='ocrx_word' id='word_1_340' title='bbox 404 3531 598 3592; x_wconf 77' lang='lat' dir='ltr'>CHRISTUS</span> <span class='ocrx_word' id='word_1_341' title='bbox 620 3536 649 3593; x_wconf 92' lang='lat' dir='ltr'>in</span> <span class='ocrx_word' id='word_1_342' title='bbox 682 3538 771 3597; x_wconf 92' lang='lat' dir='ltr'>nobis</span> <span class='ocrx_word' id='word_1_343' title='bbox 796 3542 845 3600; x_wconf 86' lang='lat' dir='ltr'>sit.</span> <span class='ocrx_word' id='word_1_344' title='bbox 886 3541 974 3604; x_wconf 89' lang='lat' dir='ltr'>Anne</span> <span class='ocrx_word' id='word_1_345' title='bbox 996 3541 1056 3606; x_wconf 91' lang='lat' dir='ltr'>hoc</span> <span class='ocrx_word' id='word_1_346' title='bbox 1079 3567 1134 3606; x_wconf 85' lang='lat' dir='ltr'>ve-</span> 
     </span>
    </p>
   </div>
   <div class='ocr_carea' id='block_1_8' title="bbox 65 3613 1385 4032">
    <p class='ocr_par' dir='ltr' id='par_1_15' title="bbox 65 3613 1184 3948">
     <span class='ocr_line' id='line_1_40' title="bbox 65 3613 1129 3712; baseline 0.011 -37"><span class='ocrx_word' id='word_1_347' title='bbox 65 3620 141 3675; x_wconf 85' lang='lat' dir='ltr'>ritas</span> <span class='ocrx_word' id='word_1_348' title='bbox 163 3635 225 3673; x_wconf 89' lang='lat' dir='ltr'>non</span> <span class='ocrx_word' id='word_1_349' title='bbox 248 3615 317 3675; x_wconf 75' lang='lat' dir='ltr'>cst?</span> <span class='ocrx_word' id='word_1_350' title='bbox 362 3613 523 3697; x_wconf 81' lang='lat' dir='ltr'>Contingat</span> <span class='ocrx_word' id='word_1_351' title='bbox 542 3616 706 3698; x_wconf 70' lang='lat' dir='ltr'>planellis,</span> <span class='ocrx_word' id='word_1_352' title='bbox 735 3644 839 3683; x_wconf 90' lang='lat' dir='ltr'>verum</span> <span class='ocrx_word' id='word_1_353' title='bbox 867 3647 929 3687; x_wconf 90' lang='lat' dir='ltr'>non</span> <span class='ocrx_word' id='word_1_354' title='bbox 959 3648 1042 3707; x_wconf 83' lang='lat' dir='ltr'>esse,</span> <span class='ocrx_word' id='word_1_355' title='bbox 1075 3631 1129 3712; x_wconf 91' lang='lat' dir='ltr'>qui</span> 
     </span>
     <span class='ocr_line' id='line_1_41' title="bbox 67 3698 1130 3793; baseline 0.014 -34"><span class='ocrx_word' id='word_1_356' title='bbox 67 3698 276 3759; x_wconf 84' lang='lat' dir='ltr'>CHRISTUM</span> <span class='ocrx_word' id='word_1_357' title='bbox 296 3698 427 3758; x_wconf 83' lang='lat' dir='ltr'><strong>JESUM</strong></span> <span class='ocrx_word' id='word_1_358' title='bbox 445 3720 546 3771; x_wconf 89' lang='lat' dir='ltr'>verum</span> <span class='ocrx_word' id='word_1_359' title='bbox 567 3721 631 3760; x_wconf 90' lang='lat' dir='ltr'>esse</span> <span class='ocrx_word' id='word_1_360' title='bbox 654 3705 886 3793; x_wconf 78' lang='lat' dir='ltr'>Dcumnegpnt.</span> <span class='ocrx_word' id='word_1_361' title='bbox 918 3711 982 3770; x_wconf 63' lang='lat' dir='ltr'>⁴Est</span> <span class='ocrx_word' id='word_1_362' title='bbox 1004 3733 1075 3774; x_wconf 75' lang='lat' dir='ltr'>erce</span> <span class='ocrx_word' id='word_1_363' title='bbox 1097 3715 1130 3773; x_wconf 89' lang='lat' dir='ltr'>in</span> 
     </span>
     <span class='ocr_line' id='line_1_42' title="bbox 69 3760 1130 3875; baseline 0.017 -34"><span class='ocrx_word' id='word_1_364' title='bbox 69 3782 160 3842; x_wconf 91' lang='lat' dir='ltr'>nobis</span> <span class='ocrx_word' id='word_1_365' title='bbox 183 3783 247 3863; x_wconf 89' lang='lat' dir='ltr'>ipse</span> <span class='ocrx_word' id='word_1_366' title='bbox 269 3803 326 3864; x_wconf 89' lang='lat' dir='ltr'>per</span> <span class='ocrx_word' id='word_1_367' title='bbox 347 3804 478 3860; x_wconf 90' lang='lat' dir='ltr'>carnem,</span> <span class='ocrx_word' id='word_1_368' title='bbox 509 3797 540 3845; x_wconf 89' lang='lat' dir='ltr'>ct</span> <span class='ocrx_word' id='word_1_369' title='bbox 560 3806 662 3844; x_wconf 87' lang='lat' dir='ltr'>sumus</span> <span class='ocrx_word' id='word_1_370' title='bbox 685 3789 714 3845; x_wconf 86' lang='lat' dir='ltr'>in</span> <span class='ocrx_word' id='word_1_371' title='bbox 744 3810 801 3867; x_wconf 86' lang='lat' dir='ltr'>eo,</span> <span class='ocrx_word' id='word_1_372' title='bbox 835 3790 910 3852; x_wconf 83' lang='lat' dir='ltr'>dum</span> <span class='ocrx_word' id='word_1_373' title='bbox 934 3760 1130 3875; x_wconf 54' lang='lat' dir='ltr'>secumvhoc,</span> 
     </span>
     <span class='ocr_line' id='line_1_43' title="bbox 69 3865 1184 3948; baseline 0.005 -21"><span class='ocrx_word' id='word_1_374' title='bbox 69 3865 156 3948; x_wconf 81' lang='lat' dir='ltr'>quod</span> <span class='ocrx_word' id='word_1_375' title='bbox 177 3887 234 3926; x_wconf 91' lang='lat' dir='ltr'>nos</span> <span class='ocrx_word' id='word_1_376' title='bbox 260 3887 373 3944; x_wconf 88' lang='lat' dir='ltr'>sumus,</span> <span class='ocrx_word' id='word_1_377' title='bbox 395 3869 427 3926; x_wconf 88' lang='lat' dir='ltr'>in</span> <span class='ocrx_word' id='word_1_378' title='bbox 448 3870 515 3928; x_wconf 91' lang='lat' dir='ltr'>Deo</span> <span class='ocrx_word' id='word_1_379' title='bbox 538 3881 592 3930; x_wconf 90' lang='lat' dir='ltr'>est.</span> <span class='ocrx_word' id='word_1_380' title='bbox 1181 3928 1184 3933; x_wconf 88' lang='lat'><em>.</em></span> 
     </span>
    </p>

    <p class='ocr_par' dir='ltr' id='par_1_16' title="bbox 153 3950 1385 4032">
     <span class='ocr_line' id='line_1_44' title="bbox 153 3950 1385 4032; baseline 0.016 -23"><span class='ocrx_word' id='word_1_381' title='bbox 153 3963 183 4016; x_wconf 85' lang='lat'>5.</span> <span class='ocrx_word' id='word_1_382' title='bbox 227 3950 423 4010; x_wconf 85' lang='lat' dir='ltr'><strong>CYRILLUS</strong></span> <span class='ocrx_word' id='word_1_383' title='bbox 455 3950 537 4012; x_wconf 85' lang='lat' dir='ltr'>Alex.</span> <span class='ocrx_word' id='word_1_384' title='bbox 569 3952 602 4012; x_wconf 73' lang='grc' dir='ltr'>Ι..</span> <span class='ocrx_word' id='word_1_385' title='bbox 626 3953 679 4013; x_wconf 86' lang='lat' dir='ltr'>IV.</span> <span class='ocrx_word' id='word_1_386' title='bbox 711 3956 740 4014; x_wconf 89' lang='lat' dir='ltr'>in</span> <span class='ocrx_word' id='word_1_387' title='bbox 762 3957 870 4023; x_wconf 89' lang='lat' dir='ltr'>Joann.</span> <span class='ocrx_word' id='word_1_388' title='bbox 906 3960 1020 4032; x_wconf 65' lang='lat' dir='ltr'>c.&#39;16.=</span> <span class='ocrx_word' id='word_1_389' title='bbox 1055 3965 1309 4030; x_wconf 60' lang='lat' dir='ltr'>camliaciacinse</span> <span class='ocrx_word' id='word_1_390' title='bbox 1384 3984 1385 3987; x_wconf 75' lang='grc'>’</span> 
     </span>
    </p>
   </div>
   <div class='ocr_carea' id='block_1_9' title="bbox 67 4017 1284 4131">
    <p class='ocr_par' dir='ltr' id='par_1_17' title="bbox 67 4017 1284 4131">
     <span class='ocr_line' id='line_1_45' title="bbox 67 4017 1284 4131; baseline 0.003 -37"><span class='ocrx_word' id='word_1_391' title='bbox 67 4053 136 4094; x_wconf 86' lang='lat' dir='ltr'>mea</span> <span class='ocrx_word' id='word_1_392' title='bbox 155 4054 225 4093; x_wconf 85' lang='lat' dir='ltr'>rere</span> <span class='ocrx_word' id='word_1_393' title='bbox 254 4046 299 4095; x_wconf 90' lang='lat' dir='ltr'>est</span> <span class='ocrx_word' id='word_1_394' title='bbox 330 4036 417 4095; x_wconf 86' lang='lat' dir='ltr'>cibus</span> <span class='ocrx_word' id='word_1_395' title='bbox 448 4048 503 4096; x_wconf 89' lang='lat' dir='ltr'>ete.</span> <span class='ocrx_word' id='word_1_396' title='bbox 546 4039 717 4122; x_wconf 79' lang='lat' dir='ltr'>Distinguit</span> <span class='ocrx_word' id='word_1_397' title='bbox 745 4063 852 4104; x_wconf 86' lang='lat' dir='ltr'>rursus</span> <span class='ocrx_word' id='word_1_398' title='bbox 874 4047 952 4106; x_wconf 87' lang='lat' dir='ltr'>inter</span> <span class='ocrx_word' id='word_1_399' title='bbox 979 4053 1133 4131; x_wconf 73' lang='lat' dir='ltr'>mysticam</span> <span class='ocrx_word' id='word_1_400' title='bbox 1144 4029 1228 4109; x_wconf 48' lang='lat' dir='ltr'>&#39;diff‘</span> <span class='ocrx_word' id='word_1_401' title='bbox 1243 4017 1284 4059; x_wconf 59' lang='lat' dir='ltr'>‘m&#39;</span> 
     </span>
    </p>
   </div>
   <div class='ocr_carea' id='block_1_10' title="bbox 58 4118 1137 4269">
    <p class='ocr_par' dir='ltr' id='par_1_18' title="bbox 58 4118 1137 4269">
     <span class='ocr_line' id='line_1_46' title="bbox 58 4118 1137 4220; baseline 0.021 -42"><span class='ocrx_word' id='word_1_402' title='bbox 58 4118 312 4178; x_wconf 51' lang='lat' dir='ltr'>*benedictionem</span> <span class='ocrx_word' id='word_1_403' title='bbox 331 4132 362 4180; x_wconf 91' lang='lat' dir='ltr'>ct</span> <span class='ocrx_word' id='word_1_404' title='bbox 381 4141 505 4197; x_wconf 89' lang='lat' dir='ltr'>manna,</span> <span class='ocrx_word' id='word_1_405' title='bbox 538 4135 567 4182; x_wconf 92' lang='lat' dir='ltr'>ct</span> <span class='ocrx_word' id='word_1_406' title='bbox 583 4125 731 4205; x_wconf 81' lang='lat' dir='ltr'>aquarum</span> <span class='ocrx_word' id='word_1_407' title='bbox 758 4125 869 4191; x_wconf 88' lang='lat' dir='ltr'>ssuenta</span> <span class='ocrx_word' id='word_1_408' title='bbox 897 4150 933 4194; x_wconf 81' lang='lat' dir='ltr'>ex</span> <span class='ocrx_word' id='word_1_409' title='bbox 950 4131 1072 4220; x_wconf 85' lang='lat' dir='ltr'>lapide,</span> <span class='ocrx_word' id='word_1_410' title='bbox 1105 4149 1137 4203; x_wconf 85' lang='lat' dir='ltr'>ct</span> 
     </span>
     <span class='ocr_line' id='line_1_47' title="bbox 70 4200 951 4269; baseline 0.014 -9"><span class='ocrx_word' id='word_1_411' title='bbox 70 4200 173 4261; x_wconf 90' lang='lat' dir='ltr'>calicis</span> <span class='ocrx_word' id='word_1_412' title='bbox 192 4206 287 4264; x_wconf 87' lang='lat' dir='ltr'>suncti</span> <span class='ocrx_word' id='word_1_413' title='bbox 307 4207 618 4269; x_wconf 82' lang='lat' dir='ltr'>communicationem.</span> <span class='ocrx_word' id='word_1_414' title='bbox 948 4236 951 4245; x_wconf 64' lang='lat'>¹</span> 
     </span>
    </p>
   </div>
   <div class='ocr_carea' id='block_1_11' title="bbox 0 0 1413 4786">
    <p class='ocr_par' dir='ltr' id='par_1_19' title="bbox 0 0 1413 4786">
     <span class='ocr_line' id='line_1_48' title="bbox 0 0 1413 4786; baseline 0 0"><span class='ocrx_word' id='word_1_415' title='bbox 0 0 1413 4786; x_wconf 95' lang='lat' dir='ltr'> </span> 
     </span>
    </p>
   </div>
  </div>
 </body>
</html>
