2790 4792
305 314 327 363 ³·-
359 282 885 431 fnrrtrnorrts
1058 296 1139 394 ess-
1266 298 1272 307 f

315 500 319 505 ·
415 468 794 603 r·-u:s·2··u³j²⁵a·s‚
869 506 875 594 j
955 477 960 487 '
1142 484 1145 489 ’

150 702 179 757 t.
224 688 261 752 A.
293 631 498 755 ortonnes
534 660 673 746 traetatti
700 695 720 752 7
753 684 785 744 in
819 638 1025 748 Matrinum:
1061 682 1279 750 sensorum·

38 770 42 777 ’
64 760 235 857 quosdam,
260 775 314 856 qui
333 770 480 856 prieslmt
509 762 686 853 'Ecclesiis',²
712 776 796 828 extra
818 769 999 849 scripturam
1018 745 1304 854 peimi-illidii&

10 846 13 883 ³
66 862 151 933 sisse,
174 859 299 940 aliquam
312 856 429 917 muliere
447 855 530 928 vir0‚·
543 857 649 935 priore
668 854 804 912 vivente:
827 861 857 911 et
878 862 987 913 'eontra
999 845 1290 935 smiptu-ff„}²;{¹5ss„}{¹g

10 955 12 991 ἱ
67 962 133 1003 rem
154 943 270 1023 quidem
294 941 435 1002 fecerunt
459 936 663 1005 ,dicentem!''
677 936 791 999 Mulier
825 934 916 1017 ligata
944 948 1000 1012 est,
1017 951 1133 1017 quanto
1145 941 1250 997 ⁰⁰¹¹er

64 1037 201 1109 tempore
220 1027 295 1086 vitit
324 1028 373 1082 vir
402 1022 479 1101 ejus.
517 1016 742 1081 item'vivente'
759 1021 826 1080 viro
845 1018 986 1080 adultera
1007 1021 1272 1083 voeahissuomm.

63 1121 135 1186 tur,
156 1112 181 1169 si
209 1110 290 1170 faeta
314 1107 409 1165 fuerit
426 1103 529 1165 'alteri
558 1107 637 1165 viro.
665 1102 733 1165 ³'Et
766 1103 924 1164 nonnullis
951 1103 1132 1164 interiectis:

25 1194 30 1199 ’
61 1194 132 1268 Qua
151 1195 229 1253 enim
253 1195 372 1252 ratione
396 1186 533 1247 adultera
556 1201 600 1249 est
618 1186 733 1264 mulier,
757 1189 894 1271 quamvis
917 1186 1047 1269 legitime
1073 1207 1133 1245 nn-

59 1273 135 1337 bere
159 1279 311 1349 videatur,
332 1275 412 1332 viro‘
428 1272 564 1332 viventer'
588 1272 692 1332 eadem
714 1264 848 1345 ra'tione'
861 1283 891 1332 et
911 1273 970 1346 vir,
996 1271 1132 1354 quamvis

59 1357 194 1443 legitime
230 1360 370 1438 accipere
401 1356 538 1415 videatur
565 1352 714 1416 dimissam
741 1355 779 1414 ab
809 1354 915 1437 aliquo
942 1357 1032 1430 viro,
1070 1345 1292 1434 nonffiffll‘

58 1447 172 1526 aeeipit
194 1443 326 1524 legitime
345 1439 512 1499 seeundum
528 1442 706 1502 sententiam
718 1438 840 1525 Christi³
859 1439 915 1503 sed
932 1440 1028 1524 magis
1047 1444 1283 1534 moe-⁸⁰⁰1frt‘213.tim

57 1527 179 1602 ebatur,
203 1527 289 1606 quasi
309 1523 434 1583 alienam
451 1525 611 1607 accipiens.
1191 1505 1199 1532 ¹
1223 1505 1240 1535 ¹'

63 1636 66 1643 ·
145 1625 175 1674 2.
218 1607 357 1668 GANON
378 1607 608 1690 Apostolorum·
622 1619 680 1675 ωε
723 1606 757 1669 si
780 1609 849 1693 quis
871 1607 983 1666 Laieus
1004 1623 1132 1667 uxorem

55 1694 217 1779 propriam
227 1691 363 1774 ¹pellens,
375 1691 578 1757 -altenmztel
598 1689 714 1753 abalio
730 1691 880 1761 dimissam
893 1690 1025 1767 duxerit,
1046 1710 1134 1752 com-

13 1776 21 1787 “
56 1777 205 1838 munione
225 1778 373 1859 privetur.
478 1796 481 1803 ·
626 1786 630 1803 ²
752 1833 754 1837 .
1131 1850 1136 1861 ⁵
1207 1832 1210 1841 .

148 1871 176 1924 3.
219 1857 450 1922 AMBROSIUS
470 1863 503 1922 in
521 1882 591 1945 capr
612 1874 651 1930 16
671 1861 808 1925 Lucaet·
833 1860 903 1922 Noli
926 1872 1051 1921 uxorem
1084 1856 1133 1918 di·

56 1943 189 2018 mittere,
211 1962 249 2004 ne
264 1944 363 2003 Deum
386 1946 455 2006 tuae
476 1946 605 2029 copulae
626 1940 782 2007 diffitearis
802 1946 966 2011 auctorem.
1007 1943 1132 2004 Etenim

57 2028 87 2085 si
117 2026 240 2101 alienos,
261 2027 359 2087 multo
380 2032 472 2112 magis
490 2032 615 2089 uxorios
642 2031 735 2090 debes
763 2024 893 2090 tolerare
915 2039 952 2088 et'
970 2027 1131 2088 emendare

56 2129 170 2181 mores.
213 2108 305 2184 Audi,
327 2113 405 2191 quid
438 2114 548 2172 dixerit
576 2112 745 2173 Dominus:
788 2114 852 2188 Qui
888 2112 1020 2191 ,dimittit
1050 2095 1280 2171 uxo-¹⁴⁸⁰‘¹⁶'¹⁸'

54 2212 133 2264 rem,
157 2192 306 2252 facit-eam
317 2194 477 2256 moechari.
521 2178 642 2257 sstenim
662 2200 787 2257 coinon
807 2195 888 2271 lieet,
912 2198 1031 2254 vivente
1051 2197 1130 2271 viro,
1178 2230 1181 2235 -

57 2289 177 2337 mutare
200 2279 405 2361 eonjugium,
438 2287 544 2362 potest
561 2271 717 2361 olirepere
738 2277 836 2338 libido
864 2278 1022 2361 peccandi.
1063 2277 1130 2336 lta·

64 2380 131 2439 que,
153 2361 205 2440 qui
227 2373 337 2421 auetor-
358 2366 493 2436 erroris‚
512 2364 603 2421 etiarn
630 2382 700 2421 reus
730 2360 838 2441 culpae
870 2371 924 2419 est.
965 2362 1130 2435 Quocum

57 2444 192 2527 parvulis
216 2445 297 2504 loeta¹
323 2444 510 2505 dimittitur?
543 2463 610 2521 quo
638 2441 785 2502 titubanti
809 2442 937 2523 vestigio
961 2442 1132 2526 grandaeva
1227 2462 1229 2467 ’

58 2527 262 2587 detruditur?
305 2527 437 2602 Durum,
459 2529 484 2584 si
503 2523 644 2585 excludas
667 2536 834 2607 parentem,
854 2526 982 2607 pignora
1014 2537 1130 2585 teneas:

57 2621 95 2670 ut
116 2610 155 2669 ad
178 2608 392 2670 contumeliam
413 2609 558 2687 caritatis,
589 2605 683 2668 addae
705 2610 793 2669 etiam
822 2610 945 2691 pietatis
978 2608 1129 2691 injuriam.

55 2694 188 2766 Durius,
210 2695 235 2750 si
255 2704 384 2772 propter
411 2703 539 2752 matrem
560 2692 650 2754 etiani
680 2690 761 2752 filios
792 2692 883 2752 simul
912 2691 1027 2776 pellas,
1060 2710 1132 2750 eum
1203 2751 1206 2759 ,

10 2826 17 2833 .
53 2779 152 2858 magis
165 2774 344 2834 redimerea
362 2786 450 2857 patre
471 2773 560 2835 liberi
580 2774 712 2836 debeant
725 2776 846 2860 eulpam
865 2780 1006 2861 parentis.
1029 2774 1130 2851 Quam

54 2858 276 2945 periculosum,
299 2859 324 2914 si
337 2858 477 2941 fragilem
491 2858 732 2920 adolescentulae
739 2873 865 2922 aetatem
875 2863 974 2922 errori
996 2859 1129 2919 offeras?

57 2947 163 3018 Quam
187 2942 376 3023 impium,'si
393 2943 464 3022 ejus
492 2942 643 3007 destituas
663 2955 864 3020 senectutem,
885 2944 975 3024 eujus
998 2942 1130 3005 deflora-

54 3027 139 3086 veris
161 3025 370 3102 juventutem?
409 3026 498 3110 Ergo
511 3026 726 3088 inhonoratum
747 3029 922 3111 stipendiis,
953 3039 983 3086 et
1010 3040 1131 3087 vetera·
1185 3085 1189 3096 ,

56 3128 134 3171 num
148 3109 315 3190 imperator
335 3111 469 3173 dimittat
489 3112 663 3194 inglorium,
685 3125 779 3193 atque
801 3112 920 3194 imperii
943 3112 991 3170 siri
1010 3129 1131 3193 posses7

57 3194 147 3253 sione
168 3192 319 3270 detrudat,
343 3206 375 3256 et
394 3195 541 3255 rusticum
560 3195 678 3259 laboris
701 3194 844 3256 effoetum
877 3214 951 3279 agro
974 3215 1030 3253 suo
1051 3213 1132 3277 pro·

56 3275 162 3362 pulset
182 3276 336 3359 agricolai
377 3277 437 3354 An,
458 3279 545 3359 quod
574 3282 609 3340 in
636 3279 781 3341 subditos
800 3280 884 3339 nefas
906 3291 971 3357 est,
992 3281 1023 3338 in
1046 3299 1133 3339 eom·

56 3381 167 3445 parem·
184 3361 229 3420 fas
251 3361 315 3421 estl
358 3362 494 3422 Dimittis
516 3384 588 3446 ergo
612 3376 740 3424 uxorem
774 3365 861 3445 quasi
882 3363 954 3444 jure
973 3364 1036 3423 sine
1069 3364 1134 3424 eri·

57 3446 150 3519 mine,
172 3456 202 3504 et
221 3456 320 3526 putas,
337 3445 369 3504 id
389 3447 447 3507 tibi
470 3447 570 3524 licere,
583 3446 656 3530 quia
675 3447 720 3508 lex
732 3448 862 3508 humana
889 3469 951 3508 non
973 3446 1186 3530 prohibete„
1204 3484 1282 3526 divi„

57 3528 114 3591 sod
133 3527 237 3587 diviua
258 3528 413 3611 probibet]
450 3531 519 3607 'Qui
539 3530 716 3591 bominibus
740 3532 937 3614 obsequeris,
958 3533 1059 3590 Deum
1079 3532 1305 3622 ve·rr,⁰l¹l¹'⁰²h‡¹'¹·

54 3633 136 3673 rere.
178 3612 261 3682 Audi
278 3613 373 3697 le'gem
393 3615 528 3691 Domini,
549 3617 600 3675 eni
621 3616 834 3698 obsequuntur
855 3619 954 3691 etiam,
976 3617 1031 3694 qui
1052 3612 1130 3698 leges
1141 3595 1256 3676 3¹83?ss

57 3696 178 3773 ferenti
223 3697 310 3772 Quae
327 3698 412 3757 Deus
429 3700 596 3778 conjunxit,
617 3697 715 3760 homo
733 3722 795 3761 non
814 3711 942 3780 separet.
985 3698 1046 3758 Sed
1068 3719 1131 3757 uon
1141 3725 1289 3769 maturus

57 3779 158 3841 solum
179 3777 231 3841 hie
253 3780 380 3842 caeleste
402 3795 611 3865 praeceptum,
632 3783 687 3843 sed
708 3785 862 3866 quoddam
875 3785 962 3842 etiam
976 3802 1055 3865 opus
1073 3781 1133 3840 Dei

58 3863 201 3928 solvitur.
240 3865 418 3940 Paterisne,
441 3887 517 3940 oro,
539 3866 655 3926 liberos
676 3880 757 3941 tuos,
780 3872 897 3928 vivente
919 3881 959 3943 te,
989 3887 1053 3925 esse
1073 3863 1132 3924 sub

57 3948 188 4006 vitrico?
209 3961 263 4009 aut
284 3950 430 4010 ineolumi
451 3962 556 4023 matre,
574 3950 684 4033 degere
706 3952 764 4012 sub
787 3952 943 4011 noverea?
985 3949 1081 4022 Pone,
1103 3950 1129 4007 si

57 4032 219 4111 repudiata
240 4053 301 4093 non
323 4033 448 4094 nubate.
471 4047 501 4094 et
523 4033 598 4094 liaeo
618 4037 776 4096 viroviro
804 4036 861 4095 tibi
890 4033 998 4094 debuit
1021 4033 1130 4115 displi-
1203 4098 1209 4110 ι
1245 4097 1252 4108 ‚
1277 4095 1284 4106 ,

57 4133 139 4186 cere,
158 4116 207 4174 eui
226 4115 366 4179 adultero
383 4116 476 4178 fidem
497 4119 617 4178 servati
660 4118 755 4194 Pone,
778 4121 802 4177 si
832 4118 947 4194 nubat,
969 4120 1128 4178 necessitas
1140 4097 1308 4200 ῗξξᾞοῖῑῗὲξῖ

60 4196 142 4261 illius
162 4212 250 4259 tuum
264 4202 377 4263 crimen
403 4217 461 4266 est:
487 4215 518 4264 et
530 4203 710 4288 eonjugium
732 4204 817 4286 quod
832 4215 931 4288 putas,
949 4202 1131 4264 adulterium
1142 4195 1308 4289 323·5,³,¹‚¹¹²“¹·

1274 1747 1294 1791 Ι
