2790 4792
335 327 917 418 commeruerint:
1091 341 1167 411 eut

96 540 158 601 per
187 516 325 603 singulas
353 522 464 578 uocte'sf
476 515 589 577 lectum
615 535 736 599 meum,
758 518 890 583 lacrimis
922 523 997 585 meis
1031 535 1163 588 stratum

95 646 202 687 meum
227 626 352 711 rigabo.
961 620 962 624 Ι

89 769 95 778 ·
166 740 234 817 'Et
252 757 401 851 Psair'n'
417 733 601 815 XXXVII·
622 747 725 813 Miser
754 754 850 815 faetus
874 777 938 817 sum
963 771 994 824 et
1013 772 1156 825 curvatus

93 885 164 923 sum
196 885 289 946 usque
321 866 354 924 iu
381 860 494 923 fin'em.
534 871 601 920 tota
633 859 683 919 die
717 864 914 923 contristatus
953 865 1156 960 ingrediebar.

93 972 245 1047 Quoniam
273 971 369 1031 lunibi
394 970 453 1029 mei
481 965 597 1050 impleti
631 980 701 1026 sunt
734 967 944 1032 illusionibus:
974 961 1009 1031 ct⁰
1029 970 1089 1033 nou
1111 987 1157 1036 est

91 1081 200 1139 sanitas
226 1081 257 1138 iu
277 1099 366 1138 earne
396 1095 462 1134 mea
483 1085 541 1138 ete
590 1073 744 1148 Quoniam
774 1097 830 1158 ego
852 1077 882 1136 in
902 1074 1018 1159 flagella
1032 1093 1155 1162 paratus

90 1207 179 1262 sum,
220 1197 249 1246 et
273 1185 379 1245 dolor*
399 1198 484 1241 meus
508 1180 542 1238 'in
579 1193 745 1263 conspeetu
776 1202 842 1242 meo
866 1188 1008 1265 semper.
1064 1187 1156 1261 Quo-

87 1294 167 1352 niam
197 1294 390 1375 iuiquitatem
422 1305 517 1380 meam
540 1286 748 1366 annuntiabo,
786 1301 817 1351 et
835 1288 981 1371 cogitabo
1004 1312 1064 1373 pro
1080 1314 1156 1376 pec-

86 1411 159 1458 cato*
186 1419 265 1458 meo.
598 1406 601 1411 ’

167 1528 272 1588 Item
291 1510 440 1585 Psalm.
456 1505 525 1584 CL·
556 1523 632 1586 Ossa
651 1545 719 1585 mea
738 1526 816 1584 sicut
838 1527 983 1585 eremium
998 1512 1153 1586 aruerunt.

81 1634 252 1694 Percussus
270 1652 337 1691 sum
356 1641 393 1690 ut
411 1629 535 1690 foenum
563 1645 620 1692 ete.
664 1633 746 1709 Quia
776 1633 907 1691 cinerem
934 1646 1079 1714 tauquam
1095 1653 1152 1721 pa

84 1761 154 1800 uem
178 1734 417 1816 manducabam,
452 1748 482 1797 et
504 1716 623 1821 potum
626 1754 726 1797 meum
752 1760 821 1798 ciuu
841 1736 915 1799 ssetu
936 1738 1109 1805 miscebam.

85 1833 88 1838 ¹
169 1846 212 1909 II.
232 1845 321 1929 Reg
354 1844 448 1905 XII.
497 1843 539 1904 Et
580 1843 657 1904 dixit
682 1844 782 1905 David
803 1846 841 1906 ad
858 1844 995 1912 Nathan:
1022 1845 1151 1908 Peccavi
1208 1869 1209 1873 ¹

80 1952 227 2037 Domino.
276 1952 422 2047 Dixitque
460 1949 581 2044 Natbau
612 1951 651 2011 ad
682 1950 796 2020 Dauid:
836 1943 1000 2012 Dominus
1026 1976 1150 2037 quoque

77 2032 237 2122 transtulit
267 2071 425 2147 peccatum
456 2036 562 2117 tuum:
602 2036 671 2151 Non
706 2060 854 2119 morieris.
920 2060 1147 2163 Verumtamen,

78 2168 223 2251 quoniam
227 2155 463 2275 blasphemare
471 2164 605 2224 fecisti'
596 2164 736 2225 inimicos
758 2144 904 2255 Domini,
928 2181 1056 2250 propter
1076 2192 1146 2230 ver-

79 2274 154 2343 bnm
177 2273 260 2349 hoe,
282 2258 399 2351 filius,
413 2273 468 2354 qui
483 2247 573 2331 natus
600 2282 645 2330 cst
674 2271 751 2363 tibi,
780 2283 879 2354 morte
903 2275 1062 2332 morietur.

160 2381 210 2440 Et
232 2398 303 2462 cap..
319 2378 453 2439 xx1V.2
473 2377 641 2436 Percussit*
654 2388 753 2436 autem
769 2399 823 2435 cor
837 2377 938 2435 David
958 2399 1036 2448 eum,
1055 2389 1145 2460 post-

80 2504 169 2570 quam
193 2498 366 2548 numcratus
385 2499 431 2546 est
454 2483 611 2566 populuss
626 2492 661 2547 ⁴et
688 2474 764 2540 dixit
787 2480 887 2540 David
903 2480 942 2540 ad
965 2483 1142 2543 Dominum:

79 2593 207 2655 Peccavi
227 2592 315 2662 valde
337 2595 369 2651 in
391 2592 453 2651 hoc
477 2593 579 2652 facto:
607 2588 660 2648 sed
684 2608 799 2680 precor
816 2590 970 2666 Domine,
990 2603 1026 2651 ut
1043 2602 1143 2652 trans.

76 2678 157 2762 feras
154 2702 372 2822 iniquitatem
400 2697 479 2756 servi
507 2697 575 2773 tui,
604 2694 680 2786 quia
702 2694 855 2818 stulteff
819 2698 866 2780 egi
888 2699 984 2758 nimis.
1028 2676 1142 2759 Surre-

72 2913 257 3001 prophetam
294 2909 501 2979 stridentem
527 2904 643 2989 David,
663 2900 800 2974 diceus:
820 2912 926 2984 Vade,
935 2927 985 2987 et
1010 2915 1137 2998 loquere

72 3019 117 3083 ad
140 3017 255 3078 David:
287 3016 368 3076 Haec
404 3017 481 3077 dicit
509 3018 673 3109 Dominus
710 3018 817 3085 Trium
834 3020 892 3080 tibi
919 3019 1009 3080 datur
1035 3025 1135 3104 optio,

72 3127 163 3210 elige
168 3144 279 3199 unum,
310 3106 396 3207 quod
414 3124 542 3186 volueris
563 3147 598 3186 ex
599 3102 696 3220 bis,
705 3138 741 3186 ut
762 3126 871 3187 faciam
888 3127 956 3187 ῑΙΙιΙ.
1000 3127 1137 3209 Cumque

72 3236 203 3295 venisset
220 3231 287 3292 Gad
308 3231 347 3292 ad
364 3231 486 3309 Daiid,
524 3227 673 3293 nuntiavit
697 3228 748 3314 ei,
784 3235 904 3294 dicens:
937 3233 1000 3319 Aut
1020 3248 1135 3316 septem

72 3342 158 3403 aunis
182 3340 282 3399 veniet
305 3337 363 3399 tibi
388 3340 516 3398 fames'
507 3361 539 3398 ιιι
563 3352 644 3401 terra
666 3354 737 3401 tua
729 3385 737 3412 ‚
778 3355 829 3401 aut
849 3338 949 3402 tribus
979 3338 1133 3407 mensibus

71 3451 171 3533 fugies
199 3448 386 3531 adversarios
416 3460 518 3524 tuos,
529 3446 660 3537 etyilli¹
665 3460 696 3539 te
717 3461 953 3530 persequentur
980 3464 1034 3511 aut
1050 3464 1133 3512 certe

68 3558 173 3620 tribus
204 3553 312 3614 diebus
334 3554 391 3621 erit
417 3533 589 3635 pestilentia
611 3557 642 3615 in
666 3531 748 3639 terra
772 3566 834 3614 tua.
880 3555 969 3622 Nunc
989 3579 1060 3640 ergo
1078 3556 1134 3618 de-

66 3650 187 3737 libera,
233 3671 263 3720 et
295 3660 380 3739 vide,
421 3681 511 3761 quem
546 3660 755 3771 respondeam
779 3660 834 3739 ei,
874 3665 928 3744 qui
964 3685 1013 3724 mc
1027 3667 1129 3763 misit,

66 3790 248 3865 sermonem.

150 3876 207 3936 III.
228 3877 322 3960 Reg.
341 3875 447 3942 XXI.
476 3872 553 3936 Ideo
579 3894 641 3935 non
675 3870 733 3932 fuit
753 3856 828 3933 alter
852 3874 921 3937 talis
946 3876 1025 3940 sicut
1031 3874 1129 3965 Acii-¹

70 3984 127 4062 ab,
162 3986 217 4066 qui
245 3982 447 4046 venumdatus
483 3995 548 4061 est,
579 3993 615 4042 ut
638 3962 751 4041 faceret
778 3972 922 4040 malum
915 4005 945 4044 ιιι
963 4004 1131 4072 conspectu

70 4093 217 4152 Domini:
246 4094 411 4154 concitavit
445 4091 544 4170 enim}¹
557 4111 625 4151 eum
649 4088 767 4150 Iezabel
791 4111 871 4174 ιιιοι·
892 4112 946 4153 sua
965 4107 995 4155 et
1012 4087 1129 4155 abonii-

67 4198 182 4265 nabilis
215 4199 313 4262 factus
345 4212 393 4263 est
416 4202 449 4289 Ιιι
478 4180 595 4285 tautum
606 4243 631 4279 ,
651 4198 689 4258 ut
690 4170 902 4287 'sequeretur
917 4198 1032 4287 ¹idola,
1048 4222 1131 4285 quae
