2790 4792
283 369 362 439 134
522 361 600 423 nn
641 334 1104 442 sucaaue'rrryo
1185 348 1189 361 '

110 570 221 616 uatus.
239 546 444 614 sacrationis.
482 543 583 622 Scitis,
607 569 669 629 quo
682 552 830 611 accessuri
852 570 963 628 snmus,
987 542 1062 630 quid
1083 538 1172 628 prius
1186 547 1256 607 Deo
1282 545 1350 608 dic-

279 633 350 692 ·turi
370 630 495 691 sumus?
535 633 661 692 Dimitte
691 634 780 693 nohis
803 634 904 696 debita
925 643 1103 695 nostractc
1158 628 1161 633 ’

374 728 421 782 14.
464 715 570 776 ῙΒΕΜ
590 712 777 799 Augustinus
798 739 883 780 serm.
905 733 993 793 251„
1016 721 1104 797 agens
1125 715 1164 774 de
1191 713 1347 773 celebran-

291 798 330 860 da
351 799 512 858 Dominica
533 800 597 860 die:
640 801 675 860 ln
697 802 745 862 die
775 824 846 862 vero
868 804 969 864 nullus
990 823 1020 861 se
1047 819 1169 859 asacra
1188 801 1346 857 Missurum

114 917 237 958 mm
245 923 282 953 ea.
292 885 494 944 celebratione
515 896 643 966 separet,
663 906 762 967 neque
777 889 893 949 otiosus
916 891 982 968 quis
1005 885 1086 944 domi
1100 894 1262 958 remaneat,
1285 903 1347 941 cae·

114 964 224 1007 “mim
292 970 362 1030 teris
384 967 422 1027 ad
437 967 607 1028 Ecclesiam>
617 970 829 1053 pergentibus:
853 993 951 1053 neque
973 973 1004 1029 in
1022 969 1181 1027 venatione
1204 987 1235 1024 se
1257 986 1346 1025 oecu-

290 1063 352 1136 pet,
377 1063 407 1111 et
428 1050 583 1112 diabolico
605 1057 792 1137 mancipetur
815 1054 932 1131 officie,
956 1050 1209 1132 circumvagando
1232 1069 1344 1131 campos

285 1149 323 1206 ,et
344 1135 448 1209 silvas,
480 1136 639 1196 clamorem
660 1150 689 1197 et
710 1138 889 1198 cachinnum
911 1159 964 1199 ore
984 1137 1128 1211 exaltans,
1163 1155 1227 1194 non
1260 1134 1345 1217 gemi-

291 1232 365 1296 tum,
387 1241 443 1279 nec
463 1223 607 1279 orationis
629 1222 723 1283 verba
744 1243 778 1281 ex
800 1225 906 1283 intimo
928 1234 1052 1304 pectore
1073 1218 1111 1278 ad
1146 1219 1245 1276 Deum
1275 1237 1345 1298 pro-

293 1305 401 1365 ferens.
443 1303 553 1362 Adhuc
575 1327 707 1387 quoque,
736 1307 822 1388 quod
848 1305 1054 1367 detestabilius
1077 1315 1141 1378 est,
1173 1302 1212 1360 ad
1245 1299 1345 1358 Eccle-

294 1391 369 1448 siam
390 1387 484 1470 aliqui
508 1391 657 1449 venientes
685 1411 745 1450 non
782 1391 910 1466 intrant,
939 1411 999 1449 non
1029 1389 1170 1446 insistunt
1200 1384 1343 1466 precibus,

145 1456 358 1558 ¹sanatmaubn
380 1484 550 1555 exspectant
569 1494 638 1532 eum
661 1475 780 1534 silentio
803 1488 972 1535 sanctarum
995 1475 1152 1532 Missurum
1174 1468 1344 1527 celebratio·

118 1548 284 1638 ffi'ffimw'
296 1579 373 1632 nem,
394 1558 448 1616 sed
468 1557 591 1636 quando
615 1557 758 1619 lectiones
781 1558 899 1618 divinae
919 1561 1000 1616 intus
1022 1555 1180 1636 leguntur,
1200 1563 1273 1612 tunc
1293 1550 1343 1633 ipsi

296 1642 372 1702 fom's
395 1653 448 1700 aut
468 1661 571 1700 causas
595 1640 710 1720 dicere,
744 1655 798 1703 aut
819 1643 942 1702 diversis
964 1638 1084 1700 student
1119 1636 1276 1705 calumniis
1296 1638 1345 1692 im-

294 1744 451 1808 pugnare,
476 1737 530 1784 aut
558 1724 699 1785 videlicet
730 1729 762 1786 in
793 1727 858 1788 alea
881 1725 928 1786 vel
944 1727 989 1796 ,in
1010 1724 1089 1804 jocis
1124 1721 1284 1779 inutilibus
1305 1720 1346 1776 in·
1378 1710 1380 1717 ’

218 1870 221 1874 ,
284 1808 419 1868 sudare.
443 1851 447 1858 .

383 1903 431 1957 15.
473 1889 700 1950 CONCILIUM
725 1892 869 1968 Milevit.,
907 1894 959 1954 eui
985 1892 1175 1976 Augustinus
1209 1885 1346 1958 interfuit,

282 1980 365 2032 'cam
386 1987 461 2038 12:
503 1972 622 2032 Placuit
643 1977 732 2032 etiam
754 1989 783 2035 et
800 1975 900 2052 illud,
931 1988 966 2035 ut
991 1995 1095 2058 preces
1126 1973 1175 2033 vel
1208 1972 1347 2030 orationes

137 2076 227 2136 narem
240 2077 353 2118 nauseo.
373 2059 490 2131 Missae,
513 2076 590 2136 quae
608 2058 755 2137 probatae
778 2059 890 2118 fuerint
918 2061 948 2117 in
971 2058 1128 2133 Concilio,
1151 2059 1214 2115 sive
1235 2051 1347 2136 praesa-

125 2128 413 2217 ill¹dellllllltl⁰ssess
429 2204 431 2210 ,
446 2141 507 2199 sive
531 2141 826 2216 commendationes,
860 2162 913 2201 seu
933 2141 1302 2222 manussimpositiones,¹
1309 2132 1345 2192 ab

125 2229 172 2266 cnr.
296 2224 438 2285 omnibus
459 2222 657 2283 celebrentur·
702 2225 765 2286 Nec
785 2226 861 2287 aliae
881 2230 1002 2286 omnino
1023 2228 1164 2286 dieantur
1186 2226 1217 2282 in
1247 2218 1347 2279 Eccle-

276 2311 351 2385 sia,
373 2310 431 2367 nisi
453 2328 531 2390 quae
551 2329 568 2368 a
588 2309 837 2392 prudentioribus
858 2323 1001 2371 tractatae
1023 2310 1069 2369 vel
1092 2304 1305 2390 comprobatae
1320 2303 1348 2359 in
1377 2329 1381 2379 3

296 2393 419 2470 synodo
441 2391 565 2469 fuerint,
587 2413 624 2452 ne
645 2394 725 2454 forte
737 2394 853 2476 aliquid
875 2407 982 2454 contra
1003 2392 1102 2467 fidem,
1125 2382 1173 2450 vel
1193 2410 1250 2474 per
1271 2390 1351 2471 igno·

297 2481 435 2552 rentiam,
457 2477 504 2535 vel
524 2499 580 2559 per
600 2480 696 2538 minus
718 2479 854 2539 studium
877 2481 916 2539 sit
940 2480 1150 2559 compositum.

384 2574 432 2627 16.
477 2560 702 2635 CONCILIUM
720 2562 775 2623 IV.
808 2562 964 2646 Carthag.,
997 2563 1047 2620 cui
1078 2561 1165 2619 etiam
1199 2555 1349 2641 Angustia.

299 2643 446 2717 interfuit,
467 2665 530 2702 can.
556 2658 620 2713 34:
663 2646 894 2730 Ut-Episeopus
918 2645 1034 2710 nullum
1055 2642 1218 2726 prohibeat
1243 2637 1359 2724 ingredi¹

149 2726 475 2798 ulamau-Ecclesiam,
498 2738 528 2786 et
549 2728 655 2787 audire
672 2728 799 2789 verbum
829 2734 903 2806 Dei,
928 2733 989 2790 sive
1014 2726 1163 2812 gentilem,
1195 2727 1258 2785 sive
1286 2725 1351 2783 hae·

126 2795 248 2884 Quone-
300 2810 435 2884 reticum‚
459 2811 521 2868 sive
547 2810 713 2888 Judaeum,
730 2835 825 2894 usque
858 2815 897 2874 ad
922 2816 1043 2874 Missam
1068 2811 1350 2870 catechumenorum.

297 2895 299 2899 ’
386 2906 434 2959 17.
475 2892 557 2953 LEO
575 2896 700 2975 Magnus
720 2899 806 2978 epist.
829 2910 878 2964 81.
901 2897 940 2956 ad
952 2894 1351 2956 Dioscor.Aleuandrinum.·

300 2975 343 3035 Ut
370 2987 470 3035 autem
493 2977 524 3034 in
556 2974 695 3053 omnibus
726 2980 927 3039 observantia·
947 2994 1049 3040 nostra
1074 2979 1263 3050 concordet,
1284 2969 1352 3034 illud

302 3080 428 3143 quoque
445 3059 583 3120 volumus
606 3062 759 3139 custodiri,
783 3076 816 3122 ut
837 3065 1106 3144 quumgsolennior
1120 3062 1265 3121 festivitas
1287 3079 1352 3119 oon·

301 3158 424 3205 ventum
445 3145 552 3227 populi
576 3149 793 3206 numerosioris
809 3148 960 3225 indixerit,
980 3160 1010 3208 et
1030 3147 1069 3206 ad
1091 3165 1154 3206 eam
1176 3156 1261 3204 tanta
1280 3140 1353 3202 mul-

301 3229 403 3288 titudo
425 3232 620 3304 convenerit,
657 3224 747 3310 quam
767 3233 902 3313 recipere
933 3231 1057 3291 basilica
1089 3227 1177 3291 simul
1204 3249 1268 3288 una
1298 3243 1354 3304 non

128 3312 240 3354 mildi
253 3314 409 3394 ⁰¹³·possit‚
432 3311 574 3373 sacrificii
597 3312 711 3374 oblatio
733 3315 939 3376 indubitanter
959 3318 1092 3389 iteretur,
1114 3335 1153 3372 ne
1174 3311 1223 3372 his
1244 3321 1354 3371 tantum

128 3363 294 3462 {illailla
303 3396 438 3455 admissis
459 3397 498 3456 ad
517 3395 595 3456 bane
617 3398 818 3474 devotionem,
841 3401 894 3480 qui
915 3400 1006 3482 primi
1028 3397 1217 3473 advenerint,
1236 3395 1357 3454 videan-

129 3459 154 3548 hl
168 3459 354 3560 hhhfffolbtur
374 3479 415 3556 hi,
438 3481 491 3560 qui
509 3481 703 3562 postmodum
723 3483 935 3558 confluxerint,
957 3503 1019 3542 non
1043 3482 1173 3562 recepti:
1203 3501 1273 3538 cum
1294 3477 1355 3560 ple-

302 3585 375 3623 num
394 3564 513 3645 pietatis
534 3575 624 3644 atque
645 3567 769 3647 rationis
790 3568 838 3642 sit,
860 3578 895 3626 ut
918 3567 1037 3646 quoties
1058 3563 1225 3639 Basilicam,
1248 3565 1279 3621 in
1300 3577 1362 3640 qua,

303 3649 411 3728 agitur,
432 3651 602 3728 praesentia
622 3670 716 3710 novae
738 3648 837 3732 plebis
859 3650 1043 3734 impleverit,
1070 3650 1158 3708 toties
1178 3644 1356 3706 sacrificium

303 3729 489 3811 subsequens
508 3730 666 3793 offeratur.‘
702 3734 829 3795 Necesse
852 3747 896 3795 est
916 3746 1030 3807 autem,
1062 3744 1097 3791 ut
1121 3731 1273 3811 quaedam·
1288 3742 1355 3810 part

302 3814 409 3897 populi
431 3834 484 3873 sua
503 3815 665 3878 'devotione
685 3820 831 3901 privetur,
854 3819 988 3878 sinnius
1018 3829 1134 3876 tantum
1155 3815 1254 3874 Missae
1277 3829 1357 3870 more

292 3909 430 3977 servato,
452 3892 762 3962 sacrificium'offerre
782 3924 842 3962 non
866 3903 994 3983 possint,
1016 3901 1071 3960 nisi
1105 3898 1157 3980 qui
1176 3900 1276 3980 prima
1299 3893 1363 3979 diei¹

301 3994 389 4061 parte
409 3986 633 4045 convenerinhr·
653 3984 796 4046 Studiose
818 4005 889 4067 ergo
900 3984 1092 4044 dilectionem
1113 3995 1195 4042 tuam
1218 3995 1249 4042 et
1271 3979 1360 4038 fami-

302 4064 417 4124 liariter
439 4066 638 4144 admonemus,
662 4081 706 4144 ut,
729 4069 812 4149 quod
825 4079 944 4128 nostrae
964 4066 1175 4147 consuetudini
1195 4085 1236 4125 'ex
1257 4065 1358 4124 forma

221 4158 240 4209 i.
281 4159 441 4230 paternae
461 4148 847 4233 traditionis'insedie,·tua·
862 4154 1092 4233 quoque-''eura¹
1117 4148 1178 4210 n'on
1211 4146 1357 4236 negligat,

299 4243 412 4317 uesper
425 4233 529 4295 omnia
551 4233 640 4296 nohis
662 4230 956 4298 erfidsevaettus
971 4242 1192 4320 eebgrnamuu·
1251 4238 1307 4271 '²¹7
1329 4260 1334 4267 ·
1358 4252 1361 4260 ·

128 3799 293 3860 Uniusltipsae.
