2790 4792
297 361 840 433 roua-trutinata
931 308 936 332 ·
1034 368 1112 442 m

48 565 103 613 tus
138 554 187 613 vir
218 551 319 630 canit,
356 563 385 612 et
418 563 548 613 testatur
581 551 682 610 Deum
721 550 947 612 misericordem
978 570 1042 612 asse
1068 552 1131 630 iet.

45 638 187 716 justum,
208 656 327 697 necesse
349 647 402 710 est,
424 649 469 712 ut,
492 658 570 719 qnae
592 647 624 695 et
645 655 661 694 a
683 633 858 717 prophetis,
874 647 904 695 et
925 635 963 694 ab
982 648 1121 720 aposto··

48 719 91 779 lis
129 723 190 781 suis
222 721 296 781 locis
315 719 352 781 de
373 723 566 804 poenitentia
588 720 669 779 dicta
688 730 785 794 sunt,
801 738 835 779 ea
862 720 989 780 anobis
1020 740 1112 804 prae-

50 815 193 881 stentur,
213 817 249 865 ut
272 815 436 888 appareant
459 804 576 885 judicia
595 800 730 884 justitiae
749 802 826 878 Dei,
852 813 881 863 et
904 804 1111 867 misericordia

47 887 119 967 ejus
144 900 361 949 consummetur
385 889 424 948 ad
447 888 702 948 condonationem
725 898 928 969 peccatorum.

134 978 163 1034 ὅ.
206 971 432 1033 CYPRIANUS
454 972 522 1030 Lib.
551 973 606 1032 ΙΙΙ.
629 973 715 1053 epist.
736 983 765 1039 8.
787 970 826 1031 ad
850 970 960 1029 Fidum
980 970 1111 1052 presby·

48 1063 161 1113 terum:
202 1054 342 1140 Legimus
366 1056 466 1114 literas
493 1067 570 1131 tuas,
594 1057 688 1115 frater
711 1056 864 1115 carissime
876 1098 886 1131 ,
912 1053 1024 1136 quibus
1046 1054 1110 1138 sig-

42 1133 174 1198 nificasti
193 1138 381 1219 de,Victore
399 1138 534 1221 quodam
552 1140 752 1223 presbytero:
775 1138 862 1221 quod
881 1140 918 1216 ei,
948 1151 1109 1219 antequam
1120 1130 1283 1226 ffiffilgg‘l‘

38 1224 257 1361 poenitentiam
277 1225 397 1306 plenam
424 1225 541 1306 egisset,
563 1236 593 1285 et
613 1224 748 1284 Domino
775 1223 852 1298 Deo,
885 1225 916 1281 in
944 1244 1032 1304 quem
1055 1223 1110 1282 de·

53 1305 184 1384 iquerat,
203 1308 407 1382 satisfecisset,
429 1318 541 1367 temere
561 1306 731 1389 Therapius
744 1306 860 1390 collega
881 1306 984 1367 noster
1004 1308 1110 1366 imma·
1163 1316 1167 1330 '

37 1397 113 1448 turo
142 1402 297 1473 tempore,
334 1402 364 1449 et
394 1411 600 1475 praepropera
621 1392 813 1452 festinatione
841 1408 949 1472 pacem
979 1391 1107 1450 dederit.

38 1471 130 1548 Quae
144 1494 193 1533 res
209 1494 267 1533 nos
284 1476 354 1532 satis
372 1478 476 1550 movit,
496 1497 645 1536 recessum
668 1495 731 1535 esse
743 1496 770 1535 a
785 1473 898 1534 decreti
916 1477 1013 1534 nostri
1033 1472 1109 1533 auc-

35 1557 177 1632 toritate,
201 1569 237 1616 ut
260 1570 328 1616 ante
349 1556 514 1641 legitimum
541 1572 571 1619 et
594 1560 717 1642 plenum
742 1570 860 1641 tempus
884 1559 1107 1633 satisfactionis,

37 1650 72 1698 et
92 1641 156 1698 sine
182 1641 280 1721 petitu
303 1652 332 1700 et
348 1644 532 1704 conscientia
551 1645 660 1726 plebis,
673 1640 757 1703 nulla
775 1639 950 1702 infirmitate
969 1653 1105 1726 urgente,

36 1742 77 1782 ao
97 1724 275 1782 necessitate
299 1736 434 1808 cogente,
455 1748 513 1809 pax
538 1731 565 1788 ei
586 1728 814 1789 concederetur.
1199 1796 1205 1808 ‚

125 1817 155 1872 a.
197 1805 306 1866 IDEM
337 1810 406 1871 Lib.
439 1812 494 1870 ΙΙΙ.
522 1815 607 1895 epist.
644 1824 691 1879 14.
724 1810 763 1870 ad
796 1809 932 1871 Clernm:
973 1807 1105 1893 Agentes
1115 1797 1280 1901 „ssssfssffl'fflg‘

32 1890 257 1971 poenitentiam
279 1912 378 1952 veram
408 1908 537 1976 possunt
557 1896 625 1956 Deo
641 1890 727 1956 Patri
744 1893 938 1956 misericordi
958 1893 1103 1976 precibus
1115 1895 1259 1940 “tidem

31 1981 68 2031 et
89 1970 237 2052 operibus
262 1977 321 2034 suis
345 1979 525 2040 satisfacere.

121 2068 150 2120 5.
173 2055 476 2120 TERTULLIANUS
508 2063 561 2122 lib.
586 2062 625 2122 de
646 2062 858 2124 Poeuitentiaa
901 2064 949 2122 Ita
971 2083 1026 2144 qur
1045 2082 1102 2145 per

34 2136 220 2198 delictorum
243 2144 456 2223 poenitentiam
476 2149 648 2207 instituerat
670 2148 805 2208 Domino
827 2148 1012 2222 satisfacere,
1044 2159 1101 2206 etc.
1154 2206 1188 2246 ‚r

32 2221 78 2280 Et
99 2221 254 2304 aliquibus
278 2230 465 2308 interjectis:
506 2231 575 2290 Non
596 2237 698 2290 statim
709 2230 913 2291 succidendus
932 2251 966 2288 ac
988 2211 1252 2298 subru-ssfflg,“⁸
1313 2278 1315 2285 ,

36 2303 129 2366 endas
150 2320 196 2369 est
223 2311 336 2370 animus
357 2313 577 2397 desperatione,
596 2317 621 2372 si
643 2316 792 2373 secundae
812 2315 880 2392 quis
899 2313 1102 2393 poenitentiae

35 2387 157 2457 debitor
170 2391 278 2455 fuerit:
293 2397 393 2479 pigeat
404 2419 476 2456 sane
489 2416 617 2479 peccare
630 2417 745 2469 rursus,
762 2396 816 2455 sed
827 2415 931 2453 rursus
946 2395 1103 2474 poenitere

31 2491 94 2532 non
106 2476 222 2557 pigeat:
242 2469 344 2562 pigeat
355 2482 464 2540 iterum
477 2479 665 2562 periclitari,
687 2478 742 2538 sed
758 2498 820 2538 non
839 2480 948 2538 iterum
967 2476 1102 2537 liberari.

29 2555 187 2618 Neminem
206 2563 331 2643 pudeat.
353 2565 485 2622 Iteratae
501 2561 682 2621 valetudinis
702 2559 841 2621 iteranda
865 2561 1014 2621 medicina
1040 2572 1104 2627 esta

29 2653 136 2723 gratus
146 2644 177 2702 in
188 2646 354 2704 Dominum
368 2648 527 2719 exstiteris,
542 2647 577 2719 si,
590 2645 675 2726 quod
686 2645 743 2706 tibi
754 2647 905 2706 Dominus
922 2645 1019 2722 offert,
1036 2666 1099 2706 non

26 2728 229 2785 recusaveris:
272 2728 445 2806 offendisti,
469 2728 522 2788 sed
546 2731 738 2790 reconciliari
761 2731 862 2809 adbuc
893 2744 991 2814 potes.
1034 2732 1252 2791 Ha-aasisnetto.

27 2806 94 2882 bes,
116 2811 166 2867 cui
179 2811 354 2885 satisfacias,
370 2824 400 2871 et
417 2813 540 2895 quidem
554 2814 723 2885 volentem:
744 2816 778 2876 id
798 2817 822 2875 si
836 2814 968 2891 dubitas,
982 2815 1096 2892 evolve,

27 2913 109 2975 quae
133 2892 256 2973 spiritus
286 2893 420 2955 ecclesiis
452 2898 551 2959 dicat:
592 2899 751 2961 Desertam
772 2900 965 2960 dilectionem
991 2899 1195 2982 Ephe-sroo·
1210 2913 1231 2952 2»
1251 2914 1270 2950 ¹·

24 2977 80 3037 siis
102 2977 239 3056 imputat,
260 2987 398 3061 stuprum
419 2993 450 3043 et
463 2980 707 3060 idolothytorum
719 3007 801 3045 esum
831 2983 1024 3059 Thyatirenis
1046 2965 1227 3059 ex-⁸,‘¹'³¹'⁸‘¹'

22 3056 178 3144 probrat,
200 3057 324 3123 Sardios
352 3085 414 3124 uon
434 3067 592 3148 plenorum
615 3090 741 3152 opernm
764 3072 902 3144 incusat,
934 3067 1099 3150 Pergame-

23 3161 87 3203 nos
109 3140 253 3205 docentes
273 3169 416 3231 perversa
446 3152 659 3234 reprehendit,
689 3153 878 3213 Loadicenos
899 3148 1027 3211 fidentes
1049 3150 1099 3210 di-

23 3226 108 3287 vitiis
131 3226 292 3312 obiurgata
315 3243 464 3294 ettamen
485 3257 587 3296 omncs
607 3239 644 3298 ad
669 3237 891 3298 Poeuitentiam
914 3244 1095 3311 commonet,

24 3308 87 3372 sul)
121 3313 407 3377 comminationibus
436 3319 568 3399 quidem.
619 3323 690 3383 Non
727 3322 964 3385 comminaretur
995 3331 1093 3380 autem
1106 3317 1254 3407 ssssslfffiljss,

23 3414 89 3454 nou
110 3399 287 3476 poenitenti,
308 3403 333 3459 si
356 3421 418 3460 non
446 3404 616 3486 ignosceret
639 3408 818 3489 poenitenti.
845 3404 995 3463 'Ibidemz
1038 3403 1094 3462 Sa·
1105 3381 1243 3469 diaconibu-

23 3479 159 3538 tisfactio
181 3482 371 3544 confessione
391 3485 575 3568 disponitur,
602 3491 792 3551 confessione
815 3490 1001 3573 poenitentia
1022 3508 1119 3577 nas-⁷,
1167 3537 1184 3576 ,ι
1200 3537 1248 3576 nra

24 3564 119 3637 citur,
141 3567 328 3645 poenitentia
350 3570 432 3629 Deus
454 3574 617 3656 mitigatur.
660 3573 740 3633 Vide
753 3575 843 3657 plura
861 3595 965 3658 supra,
981 3592 1092 3655 quaes·
1104 3549 1266 3641 nimanda-

23 3646 112 3706 tione
136 3650 241 3727 quinta
263 3651 301 3711 de
321 3657 518 3734 poenitentia,
546 3659 577 3718 C.
609 3674 653 3727 6..·
1102 3642 1148 3678 ‘¹¹¹‘

111 3743 141 3795 6·
182 3733 411 3796 CONClLIUM
431 3739 568 3801 Trident.
590 3763 658 3803 sess.
680 3741 776 3818 XIV,
799 3762 864 3823 cap.
893 3747 922 3806 8.
944 3741 982 3800 de
1009 3740 1091 3800 Poe-
1144 3805 1150 3816 ,
1214 3804 1219 3815 ,

23 3811 171 3876 nitentiae
183 3816 394 3882 Sacramenta:
438 3823 577 3898 Demum‚
593 3823 677 3908 quod
699 3826 737 3884 ad
751 3827 994 3900 satisfactionem,
1012 3846 1090 3904 quae
1101 3804 1268 3895 ffilifffilim.

24 3916 60 3954 ex
79 3900 220 3960 omnibus
240 3908 445 3986 poenitentiae
466 3909 617 3990 partibus,
642 3909 893 3990 quemadmodum
915 3908 1089 3969 aPatribus
1101 3904 1251 3958 mmmm·

24 3983 140 4078 nostris
167 3984 337 4050 Christiano
358 3991 476 4074 populo
493 3993 554 4054 fuit
574 4005 723 4077 perpetuo
744 4007 882 4075 tempore
897 3992 1090 4053 commenda-

24 4074 68 4138 ta,
91 4077 131 4126 ita
153 4076 474 4137 unamaximenostra
492 4090 604 4152 aetate,
634 4099 751 4139 summo
779 4079 899 4157 pietatis
929 4088 1093 4161 praetextu,

22 4150 226 4233 impugnatur
248 4155 286 4215 ab
309 4159 356 4236 iis,
379 4162 432 4243 qui
448 4165 579 4246 speciem
593 4164 714 4246 pietatis
735 4161 858 4239 habent,
881 4162 1024 4221 virtutem
1036 4181 1093 4220 an·

21 4243 88 4294 tem
108 4236 178 4318 ejus
200 4235 405 4325 abnegarunt:
425 4260 530 4310 sancta
553 4245 698 4326 Synodus
720 4244 870 4326 declarat,
892 4245 1003 4308 falsum
1023 4240 1092 4308 om·
