2782 4786
140 362 145 377 ,
248 301 329 381 41a
432 264 1051 375 'uusnnau'uuro

93 551 102 561 ,
156 552 160 561 ,
184 552 188 559 ,
248 489 555 578 scientes,.-quuniam
574 491 634 577 ipsi
651 491 777 579 vigilant
804 512 864 578 pro
898 485 1057 554 animabus
1076 493 1202 553 restris
1226 497 1320 579 qumi

75 608 222 654 0„„,=,·,„
250 575 405 641 rationem,
421 575 583 638 reddituri.
625 576 701 641 Nam
725 579 791 654 dic,
814 598 890 654 oro,
911 579 975 661 ipse
995 588 1082 636 tanto
1104 578 1256 659 periculo
1276 585 1315 642 tui

74 656 497 748 gfflwgggffi'gratiesubditus
512 656 576 720 e'st:
597 671 634 720 tu
650 646 695 721 illi
713 661 925 744 obtemperare
942 660 1092 721 detrectes
1115 663 1151 720 iu
1166 661 1233 739 his,
1246 672 1314 746 quae

73 757 176 817 quami·
190 741 422 817 run-tibiitttilia.
438 745 534 820 suntl
575 746 643 805 Etsi
678 749 758 806 enim
779 746 830 806 ille
867 747 1044 824 suauomuia
1070 748 1139 805 rite
1165 747 1304 829 disponat,

71 807 394 908 ¹¹⁸’¹⁰⁰¹¹¹‘¹¹²·quamdiu
414 841 449 887 tu
471 831 568 889 minus
590 841 673 905 recte
692 831 781 906 vales,
807 833 926 914 angoris
950 848 1058 889 vacuus
1083 850 1154 889 esse
1181 851 1249 891 nou
1264 855 1307 917 pc-

244 902 538 995 test'‚¹cnm.'.duplex
561 912 656 974 ab'eo
679 916 759 974 ratio
784 916 824 974 sit
849 914 999 996 exigenda:
1042 913 1115 974 Jam
1138 936 1223 976 vero
1250 938 1311 978 con-

245 996 529 1078 sidera-quantum.
540 997 672 1080 periculi
707 1001 747 1057 sit
778 1019 836 1080 per
859 997 1001 1080 singulos?
1014 997 1235 1059 'subditorum
1258 1002 1310 1063 dis-

240 1081 325 1161 cuti,
348 1084 555 1163 rationemque
594 1102 653 1164 pro
679 1082 821 1142 omnihus
853 1080 991 1142 reddere.
1036 1084 1253 1159 Quantumvis
1274 1085 1309 1145 illi

241 1162 371 1225 honoris
398 1164 562 1248 impendas,
581 1166 804 1246 quantumlibet
826 1156 1133 1248 obsequii'deferas,
1157 1168 1310 1228 'nihilhis

264 1249 385 1309 ericulis
411 1251 527 1311 referre
540 1254 735 1331 perpeteris.
778 1250 854 1310 Nam
879 1252 934 1311 etsi
954 1252 1086 1319 mimam
1108 1271 1231 1332 ponas,
1256 1254 1309 1337 ipse

239 1270 311 1395 hoc·
322 1355 379 1416 pro
396 1346 430 1405 ¹te
442 1335 559 1417 jugiter
581 1334 675 1394 feeit:
692 1337 752 1417 ¹etsi
765 1335 797 1394 id
820 1337 918 1395 minus
934 1333 1038 1396 bacin
1052 1338 1119 1395 vita
1141 1336 1238 1397 facit:
1261 1340 1307 1397 etsi

241 1416 328 1498 quud
344 1414 570 1500 persecutionis
602 1434 663 1478 non
679 1420 758 1478 a'dsit
786 1430 914 1501 tempus,
943 1438 1008 1478 eam
1036 1430 1142 1480 tamen
1176 1422 1308 1503 periculo

104 1572 109 1585 Ι
141 1532 144 1536 ·
190 1524 193 1531 ·
240 1496 379 1562 aeternae
402 1498 510 1563 mortis
520 1503 657 1585 :exponit
698 1504 747 1563 Tu
767 1517 883 1579 contra,
905 1523 1006 1584 neque
1026 1504 1066 1563 ad
1092 1502 1193 1565 rerba
1215 1526 1307 1588 usque

135 1578 138 1585 ⁴
241 1587 287 1646 illi
320 1587 443 1669 subiici,
463 1589 516 1647 vis.
558 1588 627 1647 Hoc
653 1600 829 1671 nempeqst
859 1586 1010 1647 malorum
1039 1590 1182 1648 omnium
1211 1609 1307 1664 causa,

241 1671 328 1752 quoil
343 1670 510 1732 Rectoiium
526 1672 693 1733 'auctoritas
711 1673 813 1755 periit,
838 1671 922 1731 nulla
950 1673 987 1731 iis
1017 1675 1191 1734 reverentia
1218 1673 1308 1734 habe·
1342 1722 1344 1729 .

239 1768 302 1831 tur,
328 1756 428 1817 nullus
447 1755 562 1830 honor,
582 1755 682 1816 nullus
695 1769 801 1816 metus.
844 1755 1011 1831 obaudite,
1041 1757 1160 1839 inquit,
1177 1779 1309 1841 praepo·
1342 1766 1344 1783 '

239 1842 304 1901 sitis
329 1842 445 1916 vestris,
461 1850 491 1899 et
508 1838 624 1901 subditi
646 1854 742 1901 estote
764 1841 832 1900 illis.
873 1839 915 1899 At
931 1859 1016 1900 nuuc
1028 1862 1175 1923 perversa
1193 1855 1225 1902 et
1238 1864 1308 1903 con·
1333 1890 1339 1905 .

233 1924 306 1982 <fusa
330 1936 399 1980 sunt
430 1925 539 1981 omnia.
581 1920 688 2004 Neque
712 1925 794 1984 istud
824 1924 1068 2006 praepositorum
1104 1928 1201 2008 gratia
1226 1926 1305 1987 dico.
1334 1984 1337 1995 ,

240 2005 324 2079 Quid
348 2004 490 2063 mamilli
508 2005 546 2063 de
562 2018 669 2066 nostro
687 2007 807 2067 honore
820 2008 985 2082 lucrantur,
1010 2010 1064 2067 uisi
1086 2011 1119 2066 in
1146 2022 1300 2087 quantum

238 2087 481 2169 obtemperantes
511 2086 691 2164 habebunt,
721 2091 814 2171 idque
845 2113 903 2173 pro
937 2091 1061 2151 utilitate
1081 2092 1215 2151 nostra?
1256 2094 1301 2152 Hi
1337 2140 1340 2145 .

214 2176 318 2233 'euim
339 2172 411 2233 licet
434 2171 637 2251 honorentur,
661 2173 737 2232 nihil
762 2195 796 2233 ex
819 2195 855 2232 eo
882 2176 995 2235 honore
1021 2175 1049 2233 in
1077 2171 1213 2231 futurum
1238 2173 1293 2231 lu-

236 2269 377 2333 crantur,
416 2258 623 2339 majoremque
657 2257 879 2318 damnationem
914 2261 984 2319 iude
1016 2256 1186 2339 suscipiunt.
1225 2256 1291 2316 Etsi

235 2345 390 2426 patiantur
408 2341 644 2421 injurias,·nihil
670 2362 704 2402 ex
723 2345 765 2402 eis
785 2341 957 2404 detrimenti
975 2345 1007 2403 in
1032 2342 1166 2402 loturum
1192 2341 1297 2421 acqui-

235 2438 326 2485 runt:
348 2428 439 2486 immo
464 2437 494 2485 et
510 2429 686 2487 meritorum
702 2426 761 2486 illis
779 2428 896 2489 accedit
910 2427 1062 2500 cumulus,
1088 2436 1176 2506 atque
1196 2423 1302 2484 delen·

63 2513 292 2586 1.a.⁸.2,.7.sio.
319 2510 447 2571 'Nostrir
464 2509 604 2592 denique
638 2531 728 2572 causa
764 2523 873 2572 cuncta
904 2512 949 2571 illi
978 2512 1107 2571 iaciunt.
1146 2509 1224 2568 Nam
1243 2509 1302 2567 sive

235 2595 459 2673 honorantura
483 2595 631 2675 subditis„
640 2609 671 2657 et
690 2595 749 2655 hoc
763 2595 820 2655 illis
841 2594 908 2656 fieri
928 2595 1028 2677 jubet,
1050 2591 1302 2676 quemadmodum

238 2678 361 2757 dicebat
383 2679 470 2757 Heli:
512 2678 668 2764 Assumpsi
695 2691 724 2740 te
748 2681 785 2738 de
813 2681 905 2740 domo
927 2682 1024 2763 patris
1049 2681 1118 2741 tui:
1160 2677 1229 2736 Sive
1261 2678 1303 2736 iu·

238 2764 328 2843 juriis
354 2761 532 2837 afficiantur,
553 2761 620 2845 hoc·
635 2768 666 2824 in
695 2782 726 2823 se
757 2765 840 2823 Deus
868 2767 934 2847 ipse
953 2766 1150 2846 perpetitur,
1173 2764 1253 2821 sient
1269 2758 1301 2820 ed

237 2847 403 2907 Samuelem
436 2848 492 2906 ait:
535 2846 609 2907 Nou
641 2860 672 2909 te
696 2860 898 2930 spreverunt,
934 2849 988 2907 sed
1015 2869 1074 2907 me.
1119 2849 1228 2928 Itaque
1251 2844 1300 2904 illis

237 2931 419 2992 contumelia
445 2930 571 3009 lucrum,
601 2931 703 2996 bonor
720 2954 793 2992 vero
826 2953 903 2992 onus
931 2944 995 2991 est:
1031 2953 1099 2992 non
1125 2951 1204 3016 ergo
1234 2928 1299 2988 haee

236 3016 361 3077 illorum
383 3017 486 3098 gratia,
505 3016 559 3075 sed
579 3021 670 3077 vestri
688 3037 778 3077 eausa
797 3015 877 3076 dico.
918 3017 981 3092 Qui
1003 3014 1144 3077 honorat
1167 3013 1299 3076 sacerdo·

236 3113 307 3177 tem,
330 3102 428 3159 Deum
457 3121 580 3183 quoque
609 3101 757 3162 honorat:
781 3103 832 3182 qui
864 3121 937 3160 vero
965 3100 1160 3161 sacerdotem
1185 3099 1297 3182 spernit,

238 3185 276 3244 ad
296 3185 327 3244 id
351 3184 459 3244 sensim
479 3184 663 3267 prolabitur,
685 3187 766 3243 utin
792 3187 892 3245 Deum
910 3180 1011 3267 ipsum
1038 3183 1215 3265 aliqnando
1238 3202 1298 3241 eon·

235 3268 411 3328 tumeliosus
443 3269 558 3329 evadat.
602 3271 665 3345 Qui
684 3289 750 3344 vos,
785 3270 894 3350 inquit,
927 3270 1073 3350 suscipit,
1097 3290 1149 3329 me
1176 3266 1296 3349 suscipit

238 3351 279 3411 Et
301 3353 481 3427 sacerdotes,
506 3356 556 3430 ait,
575 3356 642 3434 ejus
664 3357 696 3412 in
717 3352 833 3413 honore
852 3353 971 3413 habete.
1014 3353 1095 3412 Hinc
1116 3352 1230 3413 Iudaei
1245 3352 1296 3410 Ile-

64 3458 287 3512 mauraneum
308 3458 448 3520 spernere
464 3437 648 3513 didicerunt,
668 3439 722 3519 qui
745 3440 871 3514 Moysen
894 3448 1125 3519 contempsere:
1166 3439 1239 3519 quia
1261 3433 1296 3492 h-

236 3521 361 3606 pidibus
385 3514 470 3580 illum
490 3521 684 3602 impetebant.
728 3521 803 3581 Nam
825 3523 879 3602 qui
905 3524 955 3604 pie
988 3521 1148 3579 sacerdoti
1174 3519 1294 3590 afficitur,

237 3607 328 3690 longe
353 3607 470 3684 majore
496 3606 737 3687 pietate'Deum
763 3606 960 3667 reverebitur.
1010 3605 1080 3663 Etsi
1108 3607 1198 3664 enim
1219 3601 1293 3664 malm

237 3693 332 3752 fuerit
353 3690 495 3749 sacerdos
517 3692 675 3772 quispiam,
698 3690 827 3749 attendit
848 3691 940 3765 Deus,
964 3687 1051 3768 quod
1076 3691 1128 3748 sui
1158 3682 1293 3773 grutiuil·

236 3775 298 3838 lum
319 3777 415 3849 etiam,
437 3775 488 3854 qui
512 3773 621 3855 dignus
650 3775 768 3835 honore
791 3795 851 3833 non
876 3785 930 3848 est,
954 3772 1115 3853 obsequiis
1146 3770 1289 3849 foveslp·

237 3881 329 3943 seque
350 3858 406 3918 tibi
420 3860 553 3939 praemia
575 3859 715 3918 exsolvet.
757 3858 789 3917 Si
809 3861 896 3933 enim,
919 3860 972 3938 qui
989 3855 1191 3938 Prophetam
1206 3862 1234 3918 in
1247 3872 1295 3923 ΝΡ,

237 3949 317 4005 mine
338 3943 508 4027 prophetae
529 3945 666 4025 suscipit,
688 3944 854 4002 mercedem
869 3941 1036 4026 prophetae
1056 3942 1214 4024 accipiet:
1235 3957 1299 4025 pru-

65 4025 320 4088 ll¹¹²²¹¹·¹⁰²l¹·fcct0
346 4040 375 4087 et
397 4030 449 4107 qui
468 4027 550 4087 cedit
569 4039 598 4087 et
621 4025 810 4109 obtemperat
827 4026 986 4102 sacerdoti,
1007 4025 1155 4085 mercede
1180 4039 1304 4086 sunnon

239 4112 431 4170 destituetur.
474 4112 552 4172 Nam
570 4114 605 4187 si,
623 4111 677 4169 ubi
701 4112 740 4169 de
756 4110 963 4193 hospitalitate
974 4111 1076 4192 agitur
1097 4118 1237 4189 tantum,
1249 4106 1305 4201 ubi,

241 4214 331 4277 quem
351 4195 487 4282 suscipis,
515 4198 659 4284 ignoras,
688 4206 804 4257 tentum
822 4196 1028 4279 praemiorum
1055 4195 1201 4281 accipisz
1243 4199 1269 4255 si
1285 4208 1307 4251 u
