2790 4792
246 268 297 337 02
482 259 560 323 nn
612 257 1073 336 sacrannnro

244 452 339 507 totins
359 442 486 506 malitiae
510 445 637 506 vinculis
653 438 780 524 absolvi,
802 460 833 509 et
856 450 938 512 omni
960 450 1149 513 immunditia
1172 452 1301 519 liberari

245 552 306 607 cos,
326 535 383 612 qni·
396 530 457 591 hoc
474 531 623 590 lavacrum
641 545 876 613 promerentur:
898 534 1012 595 Verum
1029 539 1103 596 :atio
1126 538 1216 622 longe
1237 560 1302 601 ma-

245 617 313 696 jora
335 615 475 674 declarat.
518 616 586 675 Non
611 618 691 674 enim
722 617 852 676 mundos
874 629 1009 696 tantum,
1043 621 1148 680 sedet
1176 638 1298 685 sanctes

244 712 274 758 et
291 702 392 780 justos
413 697 533 759 effectos
555 700 695 759 ostendit.
738 701 808 761 Non
828 704 905 761 enim
930 702 1012 779 dixit,
1035 702 1122 764 lavati
1144 709 1216 767 estis
1231 721 1302 768 tan-

242 799 317 858 tum,
340 783 393 843 sed
414 795 443 841 et
468 781 645 843 sanctificati
663 794 693 842 et
714 782 880 864 justificati.
925 787 987 845 Nec
1022 789 1118 847 multo
1145 803 1239 870 post:
1261 795 1300 853 Ut

243 880 372 929 statuam
406 869 473 926 anri
498 868 620 927 metallo
643 868 831 944 confectam,
863 870 1010 951 aliquanti
1038 879 1184 954 temporis
1214 880 1300 937 metis

244 954 330 1011 fumo
353 967 383 1012 et
403 951 527 1034 pulvere
556 963 586 1011 et
614 955 766 1036 aeruginis
798 954 943 1014 sordibus
970 958 1207 1036 coinquinatam,
1233 982 1300 1022 cum

244 1035 367 1098 artificis
384 1057 486 1094 nranus
499 1039 680 1116 acceperint,
701 1049 848 1097 renovant
861 1038 992 1098 fornacis
1006 1040 1128 1116 ardore,
1149 1055 1181 1102 et
1196 1042 1300 1126 splen-

246 1122 347 1181 didam
366 1121 454 1180 nobis
478 1119 671 1200 lucidamque
689 1120 911 1182 demonstrant:
933 1125 1025 1183 itaet
1050 1140 1186 1185 nosuam
1208 1142 1299 1189 natu·

245 1227 309 1266 ram
325 1207 408 1265 Dens
429 1206 632 1286 aeruginatam
653 1205 733 1264 mole
752 1209 887 1288 peccati,
913 1219 942 1267 et
963 1211 1112 1289 majorum
1143 1226 1297 1293 gestorum

244 1291 328 1350 fumo
351 1288 500 1360 violatam,
521 1300 552 1348 et
575 1290 656 1348 omni
681 1289 921 1371 pulchritudine,
944 1314 1033 1372 quam
1067 1295 1170 1375 primo
1192 1298 1222 1354 ei
1244 1296 1300 1358 do·

244 1387 375 1449 navarat,
407 1372 597 1449 denudatam,
624 1366 659 1430 in‘
689 1373 754 1434 illos
778 1396 926 1455 aquarum
947 1377 1063 1452 fontes,
1097 1389 1246 1459 tanquam
1267 1383 1296 1440 ia

243 1460 453 1542 purgatorium
469 1458 574 1516 mittit:
604 1468 633 1515 et
654 1478 712 1539 pro
739 1455 855 1518 flamma
878 1462 1004 1541 spiritus
1023 1464 1157 1544 gratiam
1184 1465 1298 1523 submi·

244 1546 364 1617 nistret,
386 1555 416 1600 et
439 1542 544 1599 exinde
567 1540 658 1600 rudes
682 1541 823 1621 effectos,
847 1546 936 1602 etiam
967 1543 1046 1603 Solis
1081 1546 1174 1604 radiis
1207 1549 1323 1609 elevat-

246 1626 354 1699 clarius
377 1623 520 1697 lucentes,
540 1624 672 1684 'veterem
691 1625 844 1688 hominem
864 1618 1035 1704 conterens,
1061 1650 1177 1690 novum
1201 1645 1296 1695 antem

246 1707 407 1768 ostendens
428 1707 518 1790 longe
533 1707 697 1767 meliorem.
1145 1725 1149 1731 ’

73 1813 210 1872 quiaprqo.
331 1804 379 1858 14.
423 1790 652 1851 AMBROSIUS
674 1795 706 1851 L.
727 1793 938 1854 [desectam.
962 1816 988 1855 c.
1008 1808 1052 1862 te:
1075 1796 1237 1857 Caeterum
1249 1799 1296 1879 qui

71 1864 211 1952 gquaptn-
245 1897 301 1959 per
318 1872 400 1934 hunc
414 1876 529 1933 fontem
557 1879 672 1951 transit,
683 1879 823 1937 transita
844 1881 973 1938 terrenis
993 1881 1031 1939 ad
1044 1880 1208 1940 caelestia:
1235 1882 1291 1941 hor

246 1973 292 2020 est
319 1961 397 2017 eriim
416 1957 543 2034 Pascha,
565 1959 597 2018 id
622 1972 676 2035 est,
700 1963 845 2021 transitus
867 1964 942 2042 ejus,
963 1967 1107 2023 transitus
1135 1977 1290 2046 apeocato

241 2045 280 2106 ad
295 2045 425 2120 vitam,a
445 2042 534 2124 culpa
556 2044 594 2102 ad
617 2047 760 2126 gratiam,
786 2046 824 2104 ab
845 2048 1069 2127 inquinamento
1093 2048 1133 2108 ad
1161 2046 1289 2111 sanetifi-

242 2130 398 2190 rationem.
441 2129 504 2205 Qui
524 2149 579 2214 per
588 2127 684 2193 ahune
704 2129 820 2190 fontem
851 2133 968 2206 transit,
993 2152 1055 2191 non
1076 2132 1222 2210 moritur,
1246 2129 1289 2194 ted

243 2217 384 2298 resurgit.
416 2254 422 2287 ,

71 2317 231 2379 praesumam·
329 2313 376 2367 15.
420 2298 645 2360 CONCILIUM
663 2298 896 2373 Florentinum,
914 2299 944 2356 in
964 2298 1104 2360 doctrina
1127 2302 1179 2362 de·
1197 2321 1292 2362 sacra·

71 2374 164 2427 ²¹⁸¹¹¹¹'¹
242 2390 371 2446 mentis:
394 2386 492 2465 Hujus
512 2385 688 2444 sacramenti
714 2383 837 2445 effectus
857 2395 901 2442 est
914 2386 1049 2443 remissio
1077 2388 1176 2445 omnis
1190 2387 1291 2468 canipae

244 2469 397 2552 originalis
416 2483 445 2528 ct
466 2468 604 2529 actualis:
626 2471 720 2527 omnis
743 2490 870 2550 quoqne
891 2487 1016 2549 poenae,
1037 2468 1120 2548 qnae¹
1145 2492 1209 2552 pro
1236 2473 1294 2553 ipsu

244 2554 332 2636 cnlpa
351 2552 488 2611 debetur.
531 2553 700 2631 Propterea
717 2551 878 2634 baptizatis
891 2552 978 2610 mulla
993 2574 1052 2635 pro
1072 2559 1206 2635 peccatis
1218 2574 1293 2638 pre·

241 2639 338 2697 teritis
368 2636 554 2716 injungenda
577 2648 622 2695 est
651 2637 836 2697 satisfactio:
871 2637 923 2695 sed
940 2639 1113 2713 morientes,
1135 2650 1292 2721 antequam

244 2721 363 2801 culpam
385 2720 515 2799 aliquam
537 2723 733 2794 committant,
754 2722 852 2779 statim
876 2721 915 2779 ad
939 2742 1065 2803 regnum
1095 2723 1253 2783 caelorum
1269 2730 1294 2781 et

244 2806 302 2863 Dei
321 2806 464 2862 visionem
484 2805 672 2883 perveniunt.
934 2836 937 2841 ·

73 2879 153 2923 Μ·
179 2879 233 2938 ¹³tl’·
332 2900 379 2954 16.
422 2886 649 2948 CONClLIUM
672 2884 756 2944 Trid.
783 2906 853 2944 sess.
887 2899 916 2952 5.
953 2890 982 2947 in
1010 2889 1123 2954 decret.
1160 2891 1200 2950 de
1222 2892 1293 2973 orig.

71 2938 351 3056 ittt‘tttttltlpeccn
383 2992 446 3030 can.
469 2985 511 3036 a:
555 2969 587 3027 si
611 2973 680 3049 quis
703 2990 759 3052 per
780 2969 876 3026 insu
902 2972 1062 3032 ennrsrt
1093 2975 1219 3033 nomint
1242 2994 1292 3035 ne

72 3029 235 3134 difflpehilli*
248 3060 303 3117 stri
325 3059 460 3140 gratiam,
484 3075 561 3136 quae
583 3055 614 3110 in
636 3053 818 3136 baptismate
838 3055 1006 3133 confertur,
1027 3068 1141 3116 reatum
1165 3060 1305 3142 origine·-

72 3127 282 3213 {2{}⁰¹²⁶“¹¹¹²'lis
302 3138 418 3224 pccca‘ti
442 3140 552 3199 remitti
569 3149 673 3221 negat:
695 3148 746 3197 ant
771 3138 860 3196 etiam
877 3143 991 3214 asserit,
1016 3161 1077 3199 non
1102 3141 1171 3202 tolli
1200 3155 1294 3205 totum

248 3227 289 3298 id,
316 3225 399 3305 quod
423 3245 522 3283 reram
556 3233 586 3282 et
609 3225 763 3305 propriam
795 3226 911 3304 peccati
937 3226 1083 3283 rationem
1112 3223 1225 3304 habet,
1247 3222 1293 3289 ettl
1324 3224 1330 3231 ¹

248 3310 325 3368 illud
347 3310 422 3368 dicit
443 3321 559 3368 tantum
578 3306 642 3367 radi
667 3319 720 3367 aut
743 3327 806 3366 non
827 3309 977 3388 imputari,
1004 3308 1161 3372 anathema
1175 3314 1223 3371 sit.
1261 3310 1293 3371 ΙΙ

250 3395 369 3454 renatis
395 3394 472 3451 enim
493 3392 568 3451 nihil
593 3392 661 3452 odit
679 3393 781 3451 Dens:
818 3394 887 3471 quia
918 3392 995 3451 nihil
1024 3406 1070 3451 est
1098 3392 1293 3455 damnationis

71 3464 295 3566 {⁰¹¹f·⁸'¹'⁶'iis,
320 3478 373 3558 qni
402 3497 471 3535 rere
496 3475 665 3557 consepulti
688 3488 759 3535 sunt
780 3497 850 3535 cum
872 3476 1045 3537 CHRISTO
1071 3497 1127 3558 per
1149 3477 1293 3561 baptism!¹

248 3564 280 3620 in
302 3573 438 3635 mortem,
458 3562 591 3640 quinon
612 3561 779 3619 secundnm
799 3580 918 3618 carnem
952 3561 1121 3624 ambulant:
1144 3562 1200 3623 scd
1221 3572 1295 3623 vos
1322 3566 1330 3577 '

75 3693 149 3735 0010.
167 3697 180 3738 3
212 3693 235 3743 9·
248 3666 311 3704 rem
337 3644 486 3703 hominem
511 3655 657 3717 exuentes,
674 3656 704 3703 et
720 3665 842 3718 novum,
857 3645 909 3721 qui
923 3644 1089 3703 seehndum
1103 3649 1204 3705 Deum
1215 3658 1296 3713 oreb

75 3745 148 3798 Ephe·
160 3717 235 3789 20'24
248 3743 296 3789 tus
316 3741 369 3803 est,
390 3728 555 3803 induentes,
575 3729 769 3800 innoeentes,
793 3727 985 3802 immaculati,
1006 3731 1096 3810 puri,
1116 3732 1248 3804 innoxii,
1263 3744 1296 3793 1⁰

189 3805 192 3809 ’
249 3815 316 3872 Deo
334 3812 434 3871 dilecti
453 3811 550 3871 effecti
566 3822 645 3886 sunt,
668 3811 812 3871 haeredes
829 3809 950 3888 quidem
963 3812 1031 3888 Dei,
1056 3811 1231 3877 cohaeredea
1248 3830 1298 3877 ΙΙ·

73 3916 138 3957 uon.
158 3922 179 3959 s.
198 3916 236 3958 tr·
250 3910 309 3957 tem
329 3896 505 3973 CHRISTI,
525 3898 569 3956 ita
600 3907 635 3955 ut
666 3894 744 3955 nihil
767 3913 894 3979 prorsus
926 3915 979 3956 eos
1010 3894 1049 3955 ab
1070 3898 1210 3981 ingressu
1230 3892 1329 3981 quil

105 4015 237 4055 sacramen·
249 3992 424 4042 remoretur·
1250 3990 1287 4047 'tvl

74 4059 238 4114 tumbarti'smi
338 4077 384 4133 17.
428 4061 683 4123 AUGUSTINUS
703 4061 742 4121 ad
761 4061 897 4122 Bonifae.
918 4064 1005 4146 epist.
1032 4072 1103 4131 aaz
1143 4064 1236 4147 Aqua
1251 4080 1302 4131 w

75 4112 129 4205 ,pgr
161 4121 239 4166 ‘’⁹⁰¹''
253 4149 362 4215 hibent
381 4149 548 4210 forinsecus
562 4158 787 4225 -sacramentnm
814 4149 938 4233 gratiae,
960 4159 992 4211 et
1019 4149 1144 4232 spiritus
1172 4160 1301 4239 opatu!
