2790 4792
282 370 338 441 oo
531 361 613 433 ou
654 345 1142 441 ‘saeuiunuro'

113 561 253 607 somnia
371 559 401 611 2.
443 542 644 607 PACIANUS
665 546 886 608 Barcilonensis
917 548 1093 629 Episcopus
1118 545 1157 607 dc
1182 545 1349 630 Baptismo:

287 629 493 712 Recipiendus
507 638 558 690 cst
573 631 721 708 Christus,
741 643 776 691 ut
789 644 927 714 generet:
950 633 1023 712 quia
1047 632 1090 690 sic
1115 632 1247 691 loannes
1270 634 1351 714 Apo·

288 713 387 777 stolus
411 713 506 776 dicit:
551 718 717 798 Quotquot
741 738 810 776 eum
830 727 1020 798 receperunt,
1043 714 1128 776 dedit
1151 716 1193 776 eis
1218 728 1349 797 potesta·

288 811 359 873 tem,
382 795 464 858 filios
490 800 548 858 Dei
561 798 638 860 fieri.
680 801 761 861 Haec
784 812 883 860 autem
912 799 1059 880 ,compleri
1091 798 1163 858 alias
1189 813 1347 880 nequeunt,

289 885 349 943 nisi
371 881 495 960 lavacri,
520 883 752 961 et¹chrismatis,
775 896 805 944 ct
819 885 970 944 Aiitiititis
996 894 1201 942 sacramento:
1235 883 1347 943 lavaero

115 977 248 1033 carismate,
291 967 371 1028 enini
403 979 525 1049 peccata
551 981 741 1051 purgantur,
764 969 932 1028 Chrismute
954 979 1073 1026 sanctus
1093 967 1220 1048 spiritus
1244 989 1345 1050 snper·
1388 1024 1391 1035 ,

112 1022 264 1126 illillllli
291 1049 450 1112 funditur:
485 1063 616 1133 utraque
639 1073 712 1112 vero
738 1055 796 1113 ista
826 1073 916 1112 manu
943 1064 974 1112 et
1001 1071 1055 1136 ore
1082 1052 1237 1113 Antistitis
1262 1055 1347 1134 iinpc·
1389 1068 1391 1073 '

115 1130 219 1166 uinctus.
271 1138 416 1197 immus-

115 1237 250 1296 cirismatis
374 1233 405 1287 5.
447 1219 554 1279 IDEM
575 1222 663 1304 epist.
688 1231 715 1288 1.
737 1220 776 1281 ad
798 1219 1029 1304 sympronius
1072 1217 1105 1279 si
1127 1238 1201 1299 ergo
1226 1230 1256 1278 et
1276 1217 1346 1277 lava-

115 1286 251 1380 ⁰2”‡}‘⁶¹¹,‘¹¹
293 1305 340 1363 cri
363 1317 392 1364 et
411 1303 588 1364 Chrismatis
606 1317 751 1386 potestas,
778 1308 928 1385 majorum
956 1304 1046 1384 longe
1071 1301 1296 1381 charismatum,
1315 1301 1344 1361 ad

293 1388 463 1470 Episcopus
485 1409 520 1448 ex
541 1389 763 1470 Apostolorum
785 1392 882 1450 torma
906 1403 936 1450 et
962 1398 1112 1470 potestate
1134 1386 1301 1463 descendit,
1323 1396 1345 1444 et

293 1472 408 1556 ligandi
432 1493 559 1554 quoque
579 1475 631 1552 jue
651 1473 750 1536 adfuit
771 1487 861 1556 atque
887 1471 1032 1534 solvendi.
1101 1528 1104 1541 ,

120 1556 207 1608 Christi
377 1569 405 1624 4.
449 1556 639 1619 PROSPER
666 1560 697 1617 in
721 1561 876 1618 sententiis
905 1554 1091 1638 Augustini,
1116 1564 1244 1614 sentent
1268 1566 1343 1620 542:

116 1628 248 1709 ihbfflaiu
292 1639 413 1700 Christi
432 1661 541 1700 nomen
559 1662 577 1701 a
595 1641 755 1702 chrismate
772 1657 826 1717 est,
856 1642 888 1701 id
916 1654 977 1718 est,
1007 1637 1045 1698 ab
1068 1637 1232 1697 unctione:
1276 1638 1342 1713 Quin

291 1726 362 1784 ideo
390 1726 486 1783 omnis
511 1724 701 1785 Christianus
733 1725 960 1801 sanctificatur,
993 1735 1029 1782 nt
1054 1718 1211 1802 intelligat,
1236 1741 1268 1780 se
1294 1740 1342 1780 non

292 1807 393 1869 solum
424 1807 621 1868 sacerdotalis
646 1821 676 1870 et
698 1814 797 1892 regiae
826 1811 978 1892 dignitatis
1003 1825 1066 1867 csse
1095 1819 1280 1883 consortem,
1303 1801 1344 1867 sed

181 1932 184 1937 -
209 1884 210 1897 ¹
293 1893 383 1953 etiam
412 1904 519 1951 eontra
537 1890 703 1952 Diabolum
721 1893 787 1954 ficri
805 1893 992 1960 luctatorem.
1284 1930 1289 1943 ·

118 1976 154 2016 *l
170 1978 258 2016 ¹⁰⁶¹¹¹²
376 1989 405 2041 5.
447 1974 703 2036 AUGUSTINUS
736 1980 837 2038 Tiact.
873 1991 924 2044 55·
955 1978 987 2035 in
1015 1976 1118 2034 ioan:
1162 1970 1278 2034 Christi
1298 1993 1354 2053 ne·¹

117 2026 242 2130 difidilllf
291 2081 361 2122 men
378 2079 395 2118 a
412 2057 574 2119 chrismate
600 2059 717 2122 dictum
741 2073 794 2122 est.
837 2061 974 2121 Chrisma
988 2071 1086 2118 autem
1103 2059 1232 2133 Graece,
1256 2059 1345 2118 Latine

275 2145 399 2207 unctio
421 2156 632 2225 nuncupatur.
672 2146 747 2208 Ideo
774 2157 874 2206 autem
892 2167 947 2207 nos
970 2145 1072 2218 unxit,
1102 2144 1175 2223 quia
1195 2140 1343 2203 luctatores

294 2240 401 2289 centra
419 2227 576 2287 diabolum
598 2227 679 2290 feeit.

377 2326 405 2380 6.
450 2311 645 2374 SERMONE
666 2325 717 2383 47.
744 2313 782 2375 de
799 2314 900 2375 verbis
914 2314 1049 2390 Domini,
1076 2311 1181 2373 eadem
1199 2309 1292 2370 habet
1313 2304 1344 2368 ad

292 2397 429 2460 verbum.

378 2496 407 2550 7.
449 2481 633 2544 RABANUS
655 2479 799 2566 Archicp.
822 2485 961 2567 Mogunt.
986 2483 1021 2543 L.
1051 2477 1076 2541 I.
1099 2477 1138 2539 de
1167 2477 1262 2539 instit.
1287 2475 1348 2536 cler.

293 2587 321 2625 e.
342 2579 392 2632 50-
415 2566 485 2626 vide
508 2564 611 2650 supra,
639 2571 805 2649 quaestion.
831 2571 929 2649 prima
963 2565 1001 2626 de
1023 2562 1270 2637 confirmatione,
1288 2579 1351 2635 auc·
1387 2592 1391 2659 4

292 2651 419 2710 toritate
433 2663 481 2717 13.
1388 2670 1391 2683 ¹

376 2745 406 2799 8.
448 2733 640 2795 ISIDORUS
664 2734 780 2817 Hispal.
803 2737 836 2794 L.
858 2735 899 2795 II.
921 2735 959 2794 dc
991 2731 1098 2794 officiis
1128 2729 1352 2804 Ecclesiasticit,

215 2880 219 2885 ,
287 2837 322 2877 ·c.
337 2829 405 2890 25„
428 2827 462 2875 ut
480 2837 572 2898 supra
587 2818 719 2892 thidem,
743 2821 883 2879 auctorit.
913 2831 962 2885 11.

378 2912 407 2967 9.
449 2899 756 2962 TERTULLIANUS
783 2905 814 2962 in
840 2902 920 2961 libro
944 2901 982 2962 de
1011 2903 1109 2962 carnis
1130 2901 1355 2972 resin-rectione,
1379 2979 1380 2982 Ἴ

294 2986 383 3043 utiin
400 2994 494 3045 textu.
1287 3027 1292 3048 i

383 3082 431 3136 10.
473 3069 581 3129 IDEM
603 3069 635 3129 in
665 3067 747 3130 libro
776 3070 814 3130 de
832 3069 999 3152 baptismo:
1042 3067 1158 3128 Exinde
1185 3064 1357 3150 egressi-de

189 3178 191 3181 ’
298 3151 436 3228 lavacro,
456 3156 656 3237 perungimur
682 3152 842 3215 benedicta
880 3159 1024 3215 unctione
1053 3154 1090 3213 de
1112 3154 1242 3235 pristina
1262 3142 1358 3211 'disci-

120 3222 285 3312 ἔζξξξὲἷξθ·
296 3237 390 3320 plina,
413 3258 475 3318 qua
503 3242 574 3321 ungi
591 3238 658 3297 oleo
676 3238 715 3297 de
743 3260 842 3299 cornu
871 3240 902 3298 in
926 3237 1098 3299 sacerdotio
1125 3235 1275 3296 solebant.
1317 3232 1360 3293 Ex

121 3323 252 3363 ‘bimu-
298 3344 360 3403 quo
378 3322 479 3381 Aaron
495 3326 631 3398 aMoyse
648 3335 759 3383 unctus
774 3337 828 3400 est,
848 3323 929 3384 unde
945 3322 1083 3384 Christus
1102 3321 1214 3381 dicitur
1236 3317 1361 3380 aeliru-

297 3418 386 3480 mate,
411 3406 496 3486 quod
518 3419 563 3466 cst
587 3409 703 3483 unctio,
724 3428 801 3488 quac
823 3410 955 3468 Domino
975 3428 1082 3467 nomen
1113 3402 1360 3472 accommodavit,

300 3491 380 3549 facta
400 3490 555 3570 spiritalis,
582 3493 654 3571 quia
681 3493 792 3573 spiritu
816 3505 923 3553 unctus
947 3504 991 3551 est
1022 3492 1124 3551 aDeo
1150 3501 1259 3570 patre,
1287 3488 1361 3549 sient

122 3567 250 3661 ffirm-
300 3576 332 3634 in
352 3575 451 3635 Actis:
496 3574 623 3635 Collecti
645 3587 716 3637 sunt
745 3579 898 3639 enimvero
930 3579 962 3636 in
983 3579 1039 3635 ista
1067 3577 1188 3634 civitate
1220 3571 1361 3638 adversus

28 3699 31 3712 ·
121 3634 288 3756 piollflilfipiri-
302 3671 437 3718 sanctum
461 3657 559 3718 filium
580 3671 677 3737 tuum,
703 3680 792 3741 quem
813 3664 930 3725 unxisti.
973 3661 1025 3718 Sic
1044 3656 1074 3718 e't
1091 3660 1123 3718 in
1144 3654 1235 3716 nobis
1259 3672 1362 3721 minu·
1388 3692 1391 3697 -

122 3725 219 3809 sliufff‘
238 3729 292 3770 ⁰1³⁸-
302 3741 372 3801 litei·
394 3744 494 3804 currit
525 3743 654 3820 unctio,
687 3744 740 3805 sed
769 3747 945 3828 spiritaliter
978 3741 1118 3824 prolicit:
1155 3738 1315 3822 quomodo
1334 3745 1365 3797 et

300 3827 396 3909 ipsius
411 3826 555 3908 baptismi
575 3828 701 3888 eainalii
723 3842 819 3907 aetus,
845 3829 930 3909 quod
949 3829 978 3885 in
1000 3847 1078 3907 aqua
1099 3826 1280 3906 mergimura
1301 3820 1363 3903 spi·

299 3911 398 3972 ritulis
414 3911 550 3990 effectus,
577 3913 663 3993 quod
682 3912 804 3974 delictis
827 3913 1002 3973 liberamur.
1045 3911 1166 3971 Dehine
1181 3928 1291 3969 manus
1311 3908 1367 3969 im-

297 3997 443 4078 ponitur,
473 4017 540 4080 per
560 3995 808 4059 benedictionem
835 3996 989 4057 advocans
1018 4008 1049 4057 et
1074 3997 1203 4055 invitans
1227 3993 1368 4076 spirim

297 4091 443 4140 sanetum.
714 4112 717 4117 ·
1025 4116 1029 4141 .-
1187 4134 1189 4138 .

385 4177 434 4232 11.
473 4162 782 4227 THEODOBETUS
798 4163 837 4221 in
857 4161 881 4220 I.
904 4163 1037 4230 Cantici
1067 4162 1154 4223 Sacri
1174 4158 1369 4247 Baptismotit

297 4248 534 4328 recordaresjn
553 4267 616 4334 quo
638 4251 693 4334 qui
710 4249 881 4320 initiantur.
903 4259 974 4330 post
990 4246 1119 4311 Satanae
1137 4242 1370 4336 abnegationem
