2782 4786
357 317 447 385 sn
488 264 772 431 ananan
997 394 1000 403 ,
1068 323 1124 397 aa

42 523 109 574 tate
132 507 350 593 tenebrarum,
371 502 435 567 boc
462 514 519 583 est,
538 498 660 566 diaboli
674 516 709 566 et
727 500 908 591 angelorum
926 502 1018 588 elus,
1037 503 1121 567 eruti

46 595 280 658 transferantur.
392 606 396 615 ’
462 608 500 665 ῤ’
516 610 536 623 “·
574 610 577 615 ·
616 628 620 633 -

134 693 163 748 1.
205 679 245 740 li·
267 668 475 740 ORIGENES
501 669 587 734 hcm.
609 684 640 739 t·
661 672 695 733 in
714 670 820 735 Numa
860 672 928 737 Sed
951 684 983 736 et
1001 674 1036 735 in
1056 670 1121 735 ns-

50 763 228 825 clesiasticis
251 756 526 839 observationibus·
544 760 617 817 subt
644 757 794 819 nonnulla
820 756 1017 841 hujusmodi,
1040 745 1295 842 quaeffl'ssffi

49 847 197 910 omnibus
212 847 339 929 quidem
363 844 462 907 facere
482 860 605 902 necate
625 852 681 916 est,
701 862 760 903 nec
782 853 882 904 tanim
907 844 991 905 ratio
1011 862 1120 905 eorum
1130 844 1296 941 ὅππῃ.

53 931 196 994 omnibus
223 943 316 1014 patet.
356 927 435 990 Nam
461 925 548 1009 quod
581 924 679 1002 (verbi
706 928 820 1009 gratia)
848 946 945 1011 genua
970 924 1120 991 flectimus
1227 944 1233 953 ·

53 1028 183 1092 orantes,
207 1029 238 1076 et
264 1013 350 1098 quod
377 1034 413 1073 ex
444 1008 589 1078 omnibns
611 1009 686 1070 caeli
711 1009 872 1094 plagis-ad
891 1012 986 1073 solam
1005 1011 1120 1074 Orien·

52 1103 92 1160 tis'
115 1111 230 1183 partem
251 1092 586 1160 conversi‘orationem
599 1092 766 1172 fmdimus,
788 1112 852 1156 nou
864 1095 954 1157 facile
977 1096 1122 1179 cuiqnam

51 1198 130 1269 puto
158 1185 275 1245 ratione
294 1192 497 1264 compertum.
540 1177 602 1247 Sed
627 1190 658 1240 et
677 1176 890 1241 Eucharistiae
900 1179 965 1241 sive
986 1182 1123 1265 percipi·
1160 1200 1163 1208 ·

51 1269 157 1345 cudae,
181 1270 243 1330 sire
261 1286 300 1328 eo
314 1269 390 1341 ritu,
408 1283 473 1346 quo
487 1265 616 1345 geritur,
633 1261 839 1346 explicandae,
850 1263 899 1324 vel
914 1284 1123 1345 eorumquae

50 1365 200 1436 geruntur
212 1355 244 1412 in
267 1350 435 1433 baptismo,
456 1344 646 1423 verborum,
668 1357 903 1429 gestorumque,
917 1354 956 1407 et
976 1347 1125 1408 ordinum

51 1448 147 1518 atque
170 1439 452 1516 interrogationum
479 1450 514 1490 ac
536 1432 789 1512 responsionum,
823 1432 892 1512 quis
916 1429 1007 1491 facile
1032 1430 1128 1514 expli-

51 1534 101 1581 cet
119 1517 293 1579 rationem?
335 1515 498 1574 Ettamen
517 1517 620 1574 omnia
640 1513 717 1575 haec
744 1526 855 1598 operta
875 1525 906 1574 et
929 1513 1028 1575 relate
1048 1534 1128 1597 por*
1193 1530 1197 1537 “

49 1615 154 1664 tamus
165 1618 262 1683 super
273 1597 418 1681 humeros
432 1610 579 1677 nosnos,
589 1598 880 1681 cumitadmplemus
896 1612 937 1671 'ea
945 1609 976 1663 et
987 1599 1129 1681 exsequi-

54 1707 141 1760 mur,
162 1695 199 1743 ut
217 1704 236 1743 a
256 1702 366 1765 magno
386 1680 531 1763 pontifice
552 1674 658 1764 a'tque'
677 1668 745 1765 ejus
768 1668 841 1744 filiis
863 1681 974 1742 tradita
996 1694 1027 1742 et
1039 1703 1128 1742 ccm-

58 1768 205 1830 mendata
229 1767 422 1848 suscepimus.
465 1766 581 1826 Cuncta
603 1765 684 1847 lraec
715 1786 789 1850 ergo
820 1777 851 1826 et
867 1765 986 1847 ‚horum
1015 1766 1126 1827 similia

57 1852 260 1934 congerimus,
280 1870 336 1908 nec
355 1860 451 1909 tamen
470 1856 577 1911 eorum
593 1852 780 1932 assequimur
800 1851 966 1910 rationetur
990 1849 1124 1911 levamus

54 1937 193 1997 humeris
220 1933 344 2007 nostris,
362 1944 392 1992 et
405 1943 563 2014 portamus
577 1933 723 2018 adoperta
740 1947 771 1995 et
785 1933 910 2013 obtorta
928 1934 1125 2013 divmamys-

52 2021 150 2081 teria:
167 2051 173 2062 ·
191 2017 257 2077 Nisi
282 2017 350 2098 quis
372 2017 412 2077 sit
428 2018 508 2077 inter
527 2036 584 2079 nos
604 2017 713 2079 Aaron
732 2014 885 2081 ant.filius
910 2017 1024 2095 Aaron,
1048 2018 1124 2101 qni·

54 2102 118 2163 bus
139 2105 195 2162 ista
221 2100 400 2161 conceditur
425 2101 713 2185 nuenarianam
731 2104 913 2187 perspicere.
955 2103 1004 2164 Ita
1023 2112 1125 2163 tamen

58 2185 260 2261 conceditur,
290 2196 326 2244 ut
354 2186 450 2246 sciant
468 2185 531 2246 sibi
550 2185 679 2247 velanda
704 2185 781 2247 baec
806 2198 837 2247 et
861 2186 1047 2270 operienda,
1066 2184 1125 2246 ubi

60 2271 183 2332 caeteris
205 2269 273 2331 dari
293 2288 339 2345 ea,
359 2270 437 2345 etfin
463 2290 544 2355 opus
563 2269 703 2351 proferri
731 2272 812 2331 ratio
832 2271 1020 2355 poposcerit

133 2344 366 2422 'uiuamus
393 2352 547 2436 ilreopag:
571 2350 612 2411 de
630 2348 715 2412 Eccl.
730 2351 830 2414 bier-¹
844 2375 871 2413 c.
895 2365 940 2420 1.:
964 2351 1247 2433 taenea-,imai
1260 2384 1303 2417 en

57 2440 229 2520 riclitaque
251 2438 341 2521 primi
372 2436 418 2497 illi
445 2438 543 2511 nostri
558 2435 763 2501 ,smerdotalis
779 2436 913 2507 muneris
930 2434 1036 2510 duces,
1061 2434 1213 2517 eninm·
1221 2422 1304 2515 2⁸¹2}ss

58 2545 96 2585 ex
122 2543 237 2583 summa
264 2519 615 2609 supersubstantialique
642 2518 754 2580 deitate
778 2520 838 2601 ipsi
867 2519 963 2579 sancti
996 2517 1216 2611 munerisgffll!
1225 2532 1304 2614 “uff-

56 2600 290 2694 plenitudine'iii'
308 2607 531 2689 percepissent,
552 2608 590 2662 et*
600 2592 633 2662 id
644 2604 746 2685 ipsum
764 2600 907 2687 deinceps
927 2601 1073 2686 proferre
1099 2612 1132 2673 et
1163 2581 1240 2671 ‘iffi-⁸3

58 2690 421 2776 pmpagart'·;.a,³divina
445 2688 586 2761 bonitate
608 2688 700 2749 niissr.
713 2699 829 2766 essent,-
848 2689 969 2770 ipsique
1002 2689 1047 2765 (ut
1075 2688 1132 2768 qul
1162 2692 1166 2701 '
1229 2710 1243 2767 ,j

58 2777 239 2837 transissent
263 2776 294 2831 in
316 2770 433 2850 Deum)
461 2766 601 2853 posteros
628 2771 669 2832 ad
702 2771 803 2833 divina
830 2771 998 2858 provehere
1020 2769 1136 2832 affatim·
1214 2802 1223 2853 j

61 2871 224 2941 cuperent,
243 2854 418 2914 visibilibus
437 2856 534 2939 signis
545 2854 686 2917 caelestia
704 2855 896 2918 Sacramenta
914 2867 1068 2931 texerunt,
1077 2876 1162 2927 vti-⁴.

62 2945 289 3022 rietateque-ac
308 2937 749 3022 multitudinerqucduuicum
772 2953 818 3003 est
838 2941 1011 3018 collectum,
1035 2937 1141 3000 tradi-'

65 3026 198 3105 derunt.-
211 3034 252 3093 „et
267 3024 298 3087 in
319 3020 454 3085 humanis
477 3024 665 3124 imaginibus,
685 3045 733 3086 res
751 3024 883 3103 diuinas,
906 3022 1137 3093 materialibus·

65 3128 131 3192 que
153 3100 264 3188 figdii's'
278 3106 478 3189 spiritualium
499 3121 698 3191 majestatem,
718 3108 816 3191 atqiie'
830 3108 923 3180 in'iis,
943 3125 1021 3187 quae
1043 3107 1152 3166 uobis·

66 3202 146 3254 suut
153 3189 508 3265 familidriuisuntma'illa
518 3205 548 3252 et
560 3191 870 3277 supersubstantialia,
876 3193 990 3273 partim
1005 3190 1138 3273 scriptis,
1225 3246 1238 3255 ,,

90 3277 265 3347 artimjnon
284 3275 404 3356 scriptis
415 3276 652 3361 institutionibus
662 3279 724 3338 suis
735 3279 838 3359 (juxta
863 3272 947 3356 quod
957 3292 1059 3332 sacrae
1082 3271 1147 3331 dc·‘
1189 3272 1199 3299 '·
1215 3274 1230 3309 ·¹
1250 3302 1253 3307 ·

61 3299 181 3421 bniunt
203 3357 294 3442 leges)
320 3356 411 3418 nobis
432 3354 642 3437 tradiderunt:
664 3356 728 3422 non
749 3359 843 3422 modo
864 3357 1013 3441 profanae
1032 3355 1139 3416 multi·

63 3444 184 3506 tudinis
201 3442 378 3520 causa-uui
407 3462 446 3501 ne
473 3439 683 3525 ipse-quidem
705 3445 750 3505 fas
775 3454 822 3505 est
846 3444 932 3525 'signa
954 3446 1139 3524 contingere,
1226 3446 1231 3453 ’

66 3549 174 3591 verum
193 3527 233 3593 oh
260 3527 295 3588 id
314 3547 454 3609 quoque,
470 3525 557 3609 quod
576 3528 650 3591 baec
668 3542 777 3607 nostra
796 3527 996 3608 sacratissima
1019 3525 1139 3585 functio

24 3608 29 3621 ”
67 3608 269 3696 significativa
285 3624 340 3688 est,
363 3611 516 3695 plenaque
536 3608 586 3691 (ut
597 3612 672 3693 dixi)
684 3613 775 3697 signis
787 3633 847 3695 pro
862 3609 956 3674 modo
974 3620 1009 3687 et¹
1019 3610 1163 3669 ratione.

68 3707 194 3779 captus
215 3695 534 3778 nostri,'·indi'getque
549 3696 729 3756 'visibilibus
761 3694 889 3780 liguris,
911 3692 1026 3776 quibus
1046 3691 1142 3753 veluti

66 3778 269 3852 adminiculis,
287 3778 326 3839 ad
339 3800 445 3840 eorum
457 3782 665 3862 augustiorem
683 3779 910 3863 intelligentiam
928 3775 1158 3859 subvehamur,
1183 3810 1195 3821 ·-
1220 3808 1224 3819 ·

156 3862 306 3945 IBIDEM
327 3865 424 3946 capite
442 3863 570 3925 ultimo:
611 3862 747 3925 Plurima
765 3884 801 3925 ex
812 3862 883 3940 bis,
915 3881 999 3947 quae,
1014 3863 1140 3947 ignora·
1152 3866 1284 3957 Ellam,

66 3966 158 4022 mus,
183 3936 292 4007 cac'sas'
311 3930 435 4007 ‘babent
463 3940 674 4030 dignissimas,
707 3946 800 4008 nobis
827 3944 950 4028 quidem
968 3926 1317 4029 .ignorates‚'ss1⁸22”5¹e⁰}iid.

69 4050 186 4093 uerum·
200 4030 471 4114 praestantioribus
498 4031 665 4098 ordinibus
695 4031 840 4116 cognitas.
883 4029 1049 4114 Complura
1071 4030 1143 4090 item
1153 4027 1191 4105 {¹5¹3
1201 4013 1320 4109 3ῗῖὅὶ

75 4134 207 4175 summas
217 4113 296 4196 ffllls
311 4114 533 4201 altissimasque
550 4116 731 4179 substantias
745 4114 859 4195 latente
882 4112 1002 4198 solique
1022 4110 1231 4199 apiengm

79 4197 222 4282 tissimae,
241 4219 280 4262 ac
301 4198 467 4287 sapientiae
486 4197 621 4285 doctori,
639 4196 789 4265 divinius
802 4210 876 4263 uota
898 4211 979 4262 snut

913 4292 987 4386 a¹⁸3¹
