2790 4792
298 326 871 458 cucurrerim
957 442 960 455 ,
1056 382 1137 453 ase

66 565 206 650 genitum
224 560 334 641 filium,
358 563 412 645 qni
431 560 577 623 obediens
599 559 658 620 fuit
679 570 779 643 usque
799 557 838 620 ad
854 562 981 623 mortem
1000 574 1062 647 pro
1081 578 1136 623 re·

67 650 245 733 demptione
263 659 298 708 et'
318 645 411 707 salute
425 657 548 706 nostra:
571 658 663 725 atque
685 646 887 705 itaass'entiri
906 645 1055 730 Apostolo
1076 648 1136 731 po-

65 744 137 809 test,
160 724 214 814 qui
236 731 357 815 quidem
379 732 449 806 ,iis,·
462 735 516 811 qui
539 731 602 789 sani
624 740 710 806 sunt,
734 725 885 809 quandam
916 732 1009 791 veluti
1038 750 1133 815 regu·

67 815 129 877 iam
150 818 285 900 exponit,
305 836 365 876 eom
386 814 544 887 videlicet,
568 832 646 893 quae
670 814 701 872 in
727 810 777 872 bis
797 811 879 871 bona
900 825 945 872 est
972 817 1133 877 conscien-

68 902 124 976 tia,
150 921 219 959 cum
240 902 297 961 ait:
333 900 450 960 Caritas
473 897 642 958 CHRISTI⁴
659 908 749 980 urget
769 916 836 972 nos,
857 900 1045 960 aestimantes
1059 898 1132 974 boc,

67 983 232 1065 quoniam,
252 987 278 1044 si
303 1004 383 1043 unus
407 1003 467 1067 pro
502 981 643 1040 omnibus
671 991 815 1040 mortuus
843 992 898 1054 est,
923 978 994 1066 ergo
1019 980 1251 1077 'omneswo‘m
1272 1031 1304 1073 w

64 1071 179 1128 mortui
196 1079 277 1144 suut,
301 1081 333 1128 et
352 1087 410 1151 pro
431 1066 572 1127 omnibus
596 1075 735 1125 mortuus
771 1075 816 1124 est
848 1064 1063 1144 CHRISTUS,
1086 1076 1133 1142 ut,
1162 1054 1170 1093 ·”
1251 1052 1260 1077 '

66 1154 121 1232 qui
144 1152 259 1231 vivunt,
278 1154 341 1234 jam
370 1171 432 1210 non
451 1149 510 1208 sibi
531 1151 642 1223 vivant,
661 1150 715 1209 sed
737 1150 774 1225 ei⁷
799 1149 854 1229 qui
877 1168 934 1230 pro
956 1152 1027 1234 ipsis
1050 1169 1136 1208 mor-

62 1247 137 1296 tuus
156 1248 210 1312 est,
232 1248 263 1296 et
288 1236 461 1295 resurrexit.
504 1233 572 1292 Hoc
592 1233 685 1294 modo
711 1235 812 1293 animo
834 1230 966 1310 affectus,
994 1247 1018 1293 it
1039 1252 1131 1317 para-

63 1328 113 1380 tus
135 1318 199 1381 esse
222 1319 325 1393 debet,
356 1320 409 1399 qui
425 1336 539 1398 'panem
561 1327 590 1376 et
609 1317 733 1378 calicem
755 1317 967 1379 communicat.

49 1414 56 1425 '
145 1416 172 1472 1.
216 1405 256 1462 D.
278 1399 461 1460 BASILIUS
491 1402 618 1483 Magnus
639 1404 673 1461 L.
691 1402 716 1461 1.
740 1401 778 1460 de
803 1399 967 1482 baptismo,
992 1419 1057 1481 cap.
1083 1398 1291 1466 5.=¹’“¹¹¹¹¹⁸⁸⁸⁸

61 1486 197 1569 Oportet
218 1486 314 1568 igitur
339 1485 532 1544 accedentem
555 1486 592 1543 ad
615 1480 728 1567 corpus
750 1502 785 1544 ac
806 1484 982 1565 sanguinem
997 1484 1129 1559 Domini,
1143 1444 1304 1545 diffinibi-

59 1570 101 1630 ad
122 1564 405 1630 rememorationem
427 1570 504 1649 ejus,
528 1571 580 1648 qui
595 1590 653 1650 pro
678 1567 767 1627 nobis
791 1574 838 1628 est
861 1580 1002 1628 mortuus
1021 1588 1056 1626 ac
1079 1549 1304 1644 re-iifiitiffiii

38 1654 206 1727 surrexit,
229 1669 290 1708 non
316 1640 412 1710 mium
433 1670 548 1734 purum
570 1673 632 1711 csse
654 1653 793 1734 aquovis
811 1654 1038 1733 inquinamento
1060 1649 1179 1711 car-²¹¹¹

58 1737 109 1794 nis
132 1752 169 1793 ac
187 1735 325 1815 spiritus,
351 1755 388 1793 ne
412 1734 450 1795 ad
474 1735 626 1815 judicium
648 1730 769 1796 edat'et
793 1730 901 1811 bibat,
934 1735 987 1796 scd
1010 1748 1039 1796 et
1066 1737 1131 1794 evi-

59 1818 170 1878 denter
181 1817 342 1877 ostendere
362 1831 392 1878 et
410 1822 576 1901 exprimere
590 1821 765 1879 memoriam
787 1822 863 1900 ejus,
886 1823 939 1901 qui
960 1840 1016 1902 pro
1039 1819 1130 1879 nobis

58 1913 204 1961 mortuus
226 1912 270 1959 est
300 1921 334 1960 ac
356 1905 533 1980 resurrexit,
567 1906 596 1963 iu
621 1925 673 1980 eo,
696 1899 781 1986 quod
804 1915 835 1963 et
855 1902 1050 1964 mortificatus
1074 1914 1127 1977 est,

56 1995 198 2070 peccato,
218 1984 345 2063 mundo,
365 2007 401 2046 ac
415 1986 476 2047 sibi
495 1987 569 2070 ipsi,
591 1999 622 2047 et
641 1988 710 2071 Deo
731 1989 806 2049 vivit
832 1989 864 2047 in
886 1986 1009 2048 Christo
1031 1986 1129 2048 JESU

56 2069 325 2128 Dominonostro.
676 2090 704 2097 ··
738 2068 756 2093 ·’·
1010 2089 1014 2095 ·

140 2164 170 2217 2.
212 2151 319 2212 IDEM
339 2149 421 2213 libro
449 2155 582 2214 secundo
613 2155 651 2215 de
678 2155 857 2239 baptismo,
891 2155 989 2238 capite
1012 2154 1301 2213 tertioelmmunitxui

60 2236 273 2295 Gravissimum
294 2237 476 2321 supplicium
497 2241 528 2297 in
542 2238 607 2321 lege
628 2241 711 2298 Deus
728 2239 889 2298 adversum
910 2258 962 2298 eos
980 2236 1123 2311 decrevit,
1136 2212 1300 2306 iiiiii?

63 2320 125 2399 qui,
137 2340 206 2379 cum
219 2321 279 2379 sint
296 2323 452 2393 immundi,
474 2334 577 2381 sancta
591 2306 769 2404 contingere
780 2340 845 2378 non
865 2331 1018 2380 verentur.
1059 2319 1125 2392 Ty·
1135 2308 1258 2363 ‘¹⁸⁴⁰m0d0·

61 2403 126 2485 pice
145 2425 273 2486 namque
297 2404 354 2464 illis
378 2404 522 2486 quidem,
542 2405 634 2463 nobis
662 2424 736 2463 vero
770 2403 984 2462 admonitionis
1016 2403 1123 2482 gratia,

61 2487 207 2569 scriptum
229 2500 274 2548 est
293 2488 332 2548 ad
351 2487 434 2548 hunc
458 2488 604 2547 modum:
630 2486 671 2545 Et
693 2485 816 2545 locutus
837 2497 883 2546 est
911 2486 1063 2544 Dominus
1084 2483 1123 2545 ad

59 2570 195 2650 Moysen,
224 2572 347 2633 dicens:
385 2572 448 2629 Dic
477 2568 595 2628 Aaroni
627 2580 656 2628 et
688 2568 759 2629 filiis
784 2571 867 2652 ejust
910 2568 1089 2628 Abstineant
1108 2565 1295 2664 affiflpff'vb
1346 2576 1349 2585 '

56 2658 166 2716 sanctis
188 2654 322 2715 filiorum
342 2652 446 2728 Israel,
469 2674 526 2711 nec
548 2652 689 2736 poiiuant
709 2675 819 2716 nomen
851 2674 950 2713 meum
977 2664 1124 2729 sanctum,
1169 2641 1177 2662 ’
1215 2641 1223 2658 ’

56 2758 258 2819 quaecunque
281 2739 326 2796 iiii
344 2735 417 2795 mibi
442 2737 639 2797 sanctificant.
681 2738 748 2822 Ego
770 2740 936 2800 Dominus:
970 2739 1031 2796 Dic
1053 2736 1131 2815 iilis,'

54 2824 88 2881 in
121 2820 369 2905 generationibus
405 2821 558 2903 ipsorume
602 2824 748 2907 Quisquis
775 2824 933 2885 hominum
961 2822 1000 2883 ab
1040 2822 1122 2882 omni

51 2918 158 2964 vestro
193 2905 304 2974 semine
335 2903 372 2962 ad
395 2917 514 2982 sancta,
548 2928 746 2991 quaecunque
776 2906 831 2968 filii
865 2906 959 2967 lsrael
983 2904 1119 2966 Domino

51 2986 256 3062 sanctificant,
276 2988 307 3045 in
323 2989 512 3050 immunditia
530 3014 584 3052 sua
604 2995 797 3070 constitutus,
809 3006 812 3011 '
823 2993 949 3068 accedit,
977 2990 1118 3079 extermi-
1144 2996 1223 3083 [2⁰³3
1234 2990 1294 3080 1³:5³-

49 3069 183 3133 nabitur
208 3071 305 3151 anima
327 3072 408 3131 iliius
430 3093 446 3132 a
466 3074 541 3136 facie
559 3099 632 3136 mea.
676 3077 743 3160 Ego
774 3078 933 3136 Dominus.
978 3073 1011 3131 Si
1042 3056 1295 3150 talesiiaiinieom'.

50 3157 153 3218 minae
176 3155 335 3215 adversum
354 3176 404 3216 eos
422 3161 537 3239 positae
557 3174 646 3237 sunt,
682 3163 734 3243 qui
757 3158 868 3221 temere
889 3159 927 3219 ab
957 3176 1043 3216 sacra
1065 3144 1293 3242 ac-ssuffiiffi‘

53 3240 179 3316 cedunt,
199 3260 276 3321 quae
295 3240 333 3300 ab
353 3240 528 3304 hominihus
545 3241 885 3327 sanctificantur:·quid
900 3241 1062 3301 dicendum
1074 3246 1255 3299 estr⁰⁰⁰⁸t¹¹¹¹¹0

52 3324 92 3384 de
116 3344 163 3400 eo,
198 3325 252 3407 qui
285 3326 316 3383 io
340 3335 457 3385 tantum
486 3347 520 3387 ac
553 3328 612 3388 taie
644 3328 820 3407 mysterium
854 3328 1029 3388 temerarius
1051 3323 1117 3384 est?

52 3409 179 3484 Quanto
199 3410 277 3469 enim
296 3411 393 3489 majus
418 3409 535 3490 aliquid
555 3414 580 3470 is
602 3425 646 3473 est
665 3413 794 3497 templo,
812 3413 978 3486 secundum
991 3407 1118 3469 Domini

49 3513 164 3568 vocem,
195 3503 282 3552 tanto
311 3495 429 3576 gravius
455 3507 483 3553 et
505 3494 671 3557 terribilius
697 3511 757 3575 cst,
783 3500 814 3557 in
847 3500 962 3558 animae
982 3495 1115 3576 impuri-

49 3588 112 3637 tate
131 3579 352 3653 constitutum,
378 3599 491 3660 corpus
519 3580 632 3640 Christi
656 3595 767 3643 temere
800 3585 996 3666 contingere,
1023 3597 1115 3659 quam
1178 3598 1181 3603 ·

50 3665 89 3721 sit
109 3660 253 3723 accedere
273 3662 312 3720 ad
327 3664 434 3721 arietes
454 3663 501 3721 vel
528 3676 646 3738 tauros,
669 3664 789 3726 dicente
803 3665 971 3748 Apostolo:
1006 3663 1113 3742 Itaque
1129 3679 1150 3720 t·
1165 3671 1219 3712 cor.
1235 3671 1274 3716 rt,

52 3746 107 3825 qui
129 3744 193 3804 edit
212 3767 328 3829 panem,
350 3758 401 3806 aut
420 3745 501 3806 bibit
513 3748 659 3828 poculum
681 3750 807 3809 Domini
821 3751 953 3830 indigne,
973 3769 1043 3807 reus
1055 3749 1114 3806 erit
1127 3732 1158 3769 '⁷'
1182 3728 1214 3765 ²⁹⁸
1291 3748 1296 3759 '

53 3829 192 3912 corporis
221 3840 250 3889 et
273 3832 425 3914 sanguinis
444 3830 585 3890 Domini:
615 3833 705 3893 immo
730 3833 934 3893 vehementius
964 3853 998 3890 ac
1020 3832 1115 3890 terri·
1183 3838 1186 3845 '

52 3909 142 3972 bilius
173 3913 323 3993 judicium
352 3936 408 3999 per
445 3917 656 3998 repetitionem
690 3919 892 4000 exprimente,
923 3937 990 3976 cum
1018 3915 1114 3977 dicit:

49 3992 165 4057 Probet
188 4009 285 4058 autem
303 4002 433 4082 quisque
464 4020 495 4059 se
524 4004 644 4083 ipsum,
675 4013 705 4081 et
726 4004 769 4062 sic
802 4001 839 4061 de
859 4020 939 4083 pane
965 3998 1024 4059 boc
1046 3999 1116 4059 edat
1197 4038 1204 4047 ·

49 4088 81 4137 et
102 4080 138 4141 de
149 4083 265 4165 poculo
285 4082 380 4143 bibat.
424 4084 486 4160 Qui
507 4106 638 4167 namque
651 4085 813 4147 manducat
838 4106 872 4146 ac
885 4083 966 4144 bibit
982 4084 1114 4166 indigne,

43 4160 196 4242 judicium
217 4166 277 4226 sibi
298 4167 459 4229 manducat
480 4182 509 4230 et
529 4169 624 4252 bibit·
640 4162 893 4263 bdn'iiijudicaus
919 4190 975 4231 cor
997 4189 1033 4227 us
1046 4168 1114 4226 Do-

39 4246 125 4312 mini.
167 4248 266 4329 Quod
287 4252 312 4313 si
334 4248 366 4313 i'u
396 4246 595 4317 immunditie
616 4244 741 4318 uituii'
752 4252 940 4319 constituitis
966 4189 1114 4332 (immun-
1191 4266 1194 4271 ’
