2790 4792
312 330 855 425 ronr1rurrr1n'a.
1018 306 1128 425 xaas*

39 550 160 625 =traxit,
192 528 256 607 ete.
305 544 453 635 ¹Quisquis
486 544 579 625 igitur
604 528 701 621 'cupit
719 556 833 623 poenas
871 537 999 611 evadere
1037 543 1287 648 sem-¹3333332n·

52 637 201 720 piternas,
223 651 286 701 nou
314 628 411 689 solum
434 627 623 713 baptizetur,
645 646 751 683 verum
776 622 1067 705 etiamjustiiicetur
1086 640 1263 688 interventui.

48 715 243 791 'ctlltlsTQ
269 734 302 773 ae
329 716 372 785 sie
392 733 460 772 vere
484 720 618 769 transcat
644 730 661 768 a
686 707 811 769 diabolo
837 708 875 767 ad
904 700 1119 775 CHRlSss'UM.

52 800 252 883 Purgatorias
273 808 367 877 autem
389 816 502 880 poenas
524 793 621 852 nullas
644 793 763 853 futuras
779 792 952 875 opinetur,
972 792 1038 850 nisi·
1052 801 1120 849 ante

55 885 134 943 illud
149 884 285 944 ultimum
303 881 553 959 tremendumque
577 876 738 957 judicium.
895 886 921 895 ““
991 872 997 897 ⁸
1028 880 1036 943 ’,
1184 934 1188 941 ,
1233 928 1248 941 ..

143 981 189 1035 11.
231 962 488 1026 AUGUSTINUS
523 961 561 1020 de
592 957 890 1045 verbis···Apostoli,
925 960 1013 1029 serni.
1054 960 1121 1035 34„

55 1051 104 1111 vel
130 1052 296 1115 secundum
324 1051 400 1110 alios
432 1056 503 1111 52:
546 1044 660 1127 Pompa
684 1046 820 1122 funeris,
857 1047 972 1125 agmina
989 1042 1126 1121 'exequi-

55 1124 154 1209 arnni,
201 1146 381 1218 sumptuosa
427 1129 582 1213 diligentia
624 1131 813 1213 sepulturae,
861 1132 1126 1197 monumentorum

54 1222 197 1302 opulenta
237 1218 450 1284 constructio,
486 1216 624 1273 vivorum
654 1226 725 1273 sun't
753 1214 977 1297 qualiacunque
994 1206 1126 1299 infidia,

52 1324 115 1363 non
147 1304 302 1386 adjutoria
328 1312 527 1359 mortuorum.
566 1292 785 1359 ‘Orationibus
811 1317 885 1357 vero
911 1292 1031 1355 sanetae
1058 1290 1292 1380 Ἐρ-ριιῑιυῑψς

53 1388 162 1448 clcsiae
185 1399 215 1447 et
235 1384 386 1448 sacrificio
407 1384 539 1455 salutari,
560 1395 589 1441 et
608 1383 812 1459 elecmosynis,
836 1376 1124 1465 quae¹prd⁵edruin
1134 1370 1278 1466 {3222232'10

54 1472 215 1555 spiritibus
237 1480 414 1552 erogantur,
435 1478 552 1526 nonest
577 1465 796 1540 dubitandum„
812 1460 1230 1551 mortuiis-'adjurarenortui.
1257 1486 1260 1493 ·

52 1567 89 1613 ut
112 1576 181 1614 cum
213 1557 254 1612 eis
279 1553 505 1635 misericordius
533 1563 640 1632 agatur
662 1570 682 1623 ⁸a
716 1550 876 1625 Domino,
904 1545 996 1630 quain
1014 1546 1135 1629 dorum,
1209 1592 1212 1607 2

52 1646 388 1721 pcccatanie1·ue1mnt.
431 1635 498 1695 Hoc
524 1637 635 1695 enim'a
663 1634 808 1694 Patribus
828 1632 985 1693 traditum·
1001 1631 1127 1703 univer·
1199 1652 1218 1715 j'
1246 1650 1249 1657 ·
1289 1654 1298 1713 '.

54 1742 88 1780 sa
113 1722 256 1779 observat
269 1718 413 1795 Ecclesia,
437 1732 473 1779 ut
490 1739 549 1801 pro
571 1722 624 1790 eis,
644 1720 752 1803 ,quiin
779 1722 918 1803 eorporis
932 1715 1126 1797 'Jet's'angui-

45 1807 105 1864 'nis
128 1803 243 1862 Christi
263 1806 473 1862 communione
490 1803 626 1862 defuncti
648 1816 728 1878 sunt,
749 1824 822 1861 cum·
843 1803 881 1862 ad
909 1800 1126 1886 ipsuiii'sacri-

54 1885 162 1946 lieilun
188 1886 256 1946 loco
281 1888 344 1946 suo·
362 1878 639 1963 commemorantur,
666 1900 773 1946 oretur
808 1908 843 1947 ac
866 1884 1125 1968 pro²²iltis⁵quo-

55 1992 117 2051 que
141 1971 173 2027 id
200 1970 305 2030 offerri
337 1984 595 2030 commemoretur.
639 1973 714 2031 Cum
734 1991 806 2030 vero
837 1968 1121 2030 eormm'coinmen⁴

53 2054 228 2129 dandorum
250 2060 339 2115 causa
357 2054 460 2137 'opera
482 2057 726 2115 misericordiae·
743 2054 937 2127 celebrantur
944 2056 969 2130 ,⁴
983 2054 1051 2135 qfiit
1076 2052 1118 2110 eis

52 2138 174 2197 dubitet
190 2136 364 2221 suffragari,
386 2157 443 2220 pro
470 2139 582 2220 quibus
617 2140 770 2200 orationes
798 2139 865 2198 Deo
892 2140 957 2198 noii
972 2137 1219 2228 ''inaniterqffl
1233 2181 1288 2223 1³¹0·

55 2222 245 2304 allegantur?
287 2222 355 2283 Non
373 2226 495 2283 omnino
515 2220 802 2306 ambigenrlum'est,
820 2224 877 2280 ista
899 2216 1046 2303 prodesse
1065 2220 1121 2276 de-'
1132 2220 1186 2256 ⁸¹¹⁸·

56 2306 178 2375 functis,
201 2306 253 2365 scd
273 2305 466 2389 talibus,‘qlri
486 2310 526 2367 ita
547 2310 676 2365 vixerint
700 2314 769 2364 a'nte
788 2317 926 2377 mortem,
942 2306 983 2361 'tit
1002 2304 1122 2385 possint

58 2390 102 2448 eis
122 2388 195 2449 haee
217 2390 387 2463 utilia'esse
406 2403 632 2473 postmortem.
675 2388 751 2447 Nam
767 2388 826 2466 'qui
859 2389 923 2444 sinc
948 2382 1019 2459 lide,
1037 2392 1121 2465 'quae

78 2494 111 2531 er
129 2475 321 2535 dilectionem
352 2468 517 2556 operatur,
541 2475 671 2552 ejusque
695 2472 887 2529 sacramentis
905 2468 950 2529 'de
977 2470 1121 2551 corpori·
1135 2484 1186 2528 oar.
1197 2495 1217 2535 5,
1232 2498 1251 2534 a„

53 2494 113 2617 lius
133 2561 288 2635 exierunt,
311 2554 428 2617 frustra
455 2556 514 2615 illis
537 2577 554 2614 a
576 2556 639 2613 suis*
660 2551 840 2633 hujusmodi
860 2546 1124 2636 pietatis'impen-

55 2642 172 2701 duntur
197 2642 296 2703 officia
333 2655 388 2700 etc.
432 2639 501 2698 Non
527 2660 600 2721 crgo
625 2638 755 2697 mortuis
776 2658 852 2698 nova
872 2640 981 2697 merita
991 2648 1125 2721 tompa-
1205 2644 1208 2655 ¹
1259 2636 1297 2657 '¹

52 2738 171 2797 cautim,
196 2747 262 2783 cum
280 2745 339 2806 pro
361 2726 402 2782 eis
419 2721 506 2795 boni.
525 2722 639 2805 aliquid
663 2722 842 2804 impendunt
864 2724 1004 2799 suissed·
1017 2744 1125 2785 eorum

53 2808 309 2893 praecedentibus
333 2808 550 2887 consequentia
571 2809 643 2867 ista·⁴
649 2808 829 2867 redduntur.
871 2808 939 2883 Non
956 2808 1126 2868 enirn'dic-

53 2906 121 2953 turn
145 2905 199 2965 est,
222 2893 280 2949 nisi
304 2910 372 2948 cum
393 2891 443 2949 hic
463 2894 616 2968 viverent,
633 2894 744 2953 'ut'eos
767 2889 841 2952 haee
863 2890 981 2972 aliquid
994 2893 1126 2972 ‘adjura-

55 2987 144 3049 rcnt,
175 2994 244 3032 eum
281 2973 333 3033 bic
364 2976 464 3035 virere
500 2976 692 3036 destitissent.
736 2976 777 3035 Et
802 2977 873 3037 ideo
900 2978 986 3036 istam
1014 2974 1125 3035 finiens

56 3060 190 3140 quisque
208 3061 306 3135 vitam,
321 3060 378 3117 nisi
403 3059 487 3139 quod
507 3063 616 3121 meruit
631 3063 670 3135 [iu
693 3063 767 3143 ipsa,
789 3081 853 3120 non
873 3062 988 3143 poterit
1009 3058 1125 3129 babere

53 3154 128 3228 post
153 3145 256 3222 ipsam.
309 3143 528 3204 Permittantur
554 3148 657 3227 itaque
697 3148 747 3228 pia
783 3144 878 3204 eorda
913 3156 1056 3202 carorum
1082 3142 1125 3202 de

55 3246 186 3287 suorum
206 3220 358 3301 mortibus·
376 3231 550 3288 contristari
570 3231 675 3289 dolore
695 3229 840 3304 sanabili,
867 3240 897 3299 et
926 3226 1125 3287 consolabiles

55 3313 205 3386 lacrymas
228 3311 357 3371 fundant
378 3313 552 3372 conditione
570 3313 697 3388 mortali,
716 3334 791 3395 quas
809 3315 871 3372 cito
887 3315 1033 3397 reprimat
1052 3310 1127 3371 fidei

57 3395 213 3479 gratidium,
237 3417 297 3476 qna
316 3396 446 3455 credunt
463 3395 577 3473 lideles,
598 3398 726 3479 'quando
757 3399 939 3467 moriuntur,
966 3396 1126 3480 paululum

56 3502 75 3540 a
102 3479 192 3539 nobis
226 3479 320 3555 abire,
343 3493 372 3541 et
393 3481 433 3541 ad
456 3481 582 3540 meliora
601 3484 810 3542 transireetc.
853 3481 901 3541 Sit
920 3498 979 3565 pro
1007 3481 1124 3540 viribus
1136 3498 1195 3540 eura
1211 3502 1287 3553 eaput.

58 3586 133 3624 cura
165 3564 329 3646 sepeliendi
354 3576 383 3624 et
411 3565 574 3646 sepulchra
603 3566 823 3640 construendi,
845 3568 918 3647 quia
944 3578 974 3624 et
998 3565 1072 3624 haec
1094 3558 1301 3641 jumperoru-

58 3649 182 3729 scriptis
201 3651 311 3707 sanctis
332 3651 411 3707 inter
428 3649 511 3709 bona
533 3670 626 3732 opera
650 3651 794 3731 deputata
816 3661 896 3709 suut.
939 3648 1003 3709 Nee
1025 3648 1125 3710 solum

57 3735 90 3792 in
113 3732 297 3815 corporibus
320 3732 564 3793 Patriarcharum
586 3734 775 3815 aliorumque
798 3746 983 3811 sanctorum,
1007 3744 1037 3793 et
1065 3733 1128 3794 bu·
1223 3748 1226 3755 '
1254 3748 1257 3755 '

56 3818 153 3875 manis
186 3817 385 3877 cadaveribus
416 3839 611 3899 quorumque
643 3819 827 3897 jacentium,
860 3838 965 3877 verum
987 3820 1127 3877 etiam'in

58 3900 155 3979 ipsius
175 3901 300 3959 Domini
322 3922 453 3983 corpore
473 3902 639 3984 praedicati
665 3914 756 3981 atque
785 3901 947 3961 collaudati
969 3914 1048 3976 sunt,
1072 3905 1126 3984 qui
1137 3945 1204 3984 ,om
1226 3951 1258 3990 ¹9,
1276 3948 1303 3991 ὅ,

60 3984 117 4042 ista
140 3985 286 4044 fecerunt.
329 3986 478 4067 Impleant
499 4008 571 4069 ergo
594 3985 668 4044 baec
695 3984 830 4045 homines
859 3984 930 4069 erga
962 3992 1034 4047 suos
1057 3985 1201 4047 offi--tb

60 4071 107 4125 cia
136 4071 281 4151 postremi
308 4073 460 4146 muneris,
495 4083 524 4129 et
548 4072 596 4130 sui
622 4069 746 4129 humani
777 4069 935 4131 lenimenta
967 4070 1125 4132 moeroris.

58 4150 175 4211 Verum
201 4151 260 4227 illa,
279 4173 356 4232 quae
380 4154 527 4235 adjuvent
553 4156 676 4238 spiritus
702 4154 915 4215 defunctorum
945 4153 1124 4232 oblationes,
1135 4168 1244 4258 ffiptprp
1247 4167 1303 4258 ἢ

57 4240 236 4313 orationes,
258 4240 466 4319 erogationes,
489 4239 586 4304 multo
607 4260 669 4325 pro
690 4240 732 4300 eis
755 4237 984 4321 observantius,
1006 4240 1234 4320 iustam-rumai
