2782 4786
276 320 355 419 aaa
524 310 604 385 1)ss
646 282 1114 399 sacramanto

280 524 341 564 non
359 496 435 558 milri
461 499 656 574 irascantur,
679 496 737 583 sed,
759 503 921 585 scripturis
947 503 1060 567 ‘sanctis
1072 545 1083 579 ,
1105 503 1216 561 immo
1240 501 1358 585 Episco-

280 588 328 673 pis
354 599 390 644 et
417 583 612 665 Presbyteris
637 594 667 642 et
688 583 834 646 Draconis
859 600 889 647 et
913 594 1054 649 universo
1080 585 1196 646 choro
1224 589 1350 649 sacerdo-

107 707 261 759 uonougua.
282 672 335 733 tali
366 681 395 728 et
416 667 556 742 levitico,
589 667 643 746 qui
676 687 707 725 se
729 684 881 730 noverunt
898 671 1009 732 hostias
1033 670 1157 742 offerre
1182 680 1247 731 no'n
1262 693 1339 752 posse,

10 778 12 789 ·
106 758 308 848 *sffitegjgsstt'gglsi
330 753 417 836 operi
443 752 576 811 serviant
599 750 781 833 conjugali:
809 755 942 836 Ibidem:
976 755 1123 841 Apostoli
1150 755 1208 814 vel
1232 758 1338 838 virgines,

53 898 74 915 ,Ι
108 857 131 896 tn
145 861 265 914 aeternum
283 841 331 900 vel
354 848 427 920 post
447 837 569 921 nuptias
597 836 804 912 continentes:
834 840 996 922 Episcopi,
1019 839 1227 921 presbyteri,
1250 840 1341 900 diaconi

105 905 191 957 ‘uim'
284 936 337 986 aut
360 924 493 1002 virgines
521 919 696 1000 eliguntur,
724 931 777 993 aut
801 923 887 982 vidui
901 958 925 1001 ,a
944 937 997 985 aut
1016 936 1102 984 certe
1125 936 1208 1007 post
1226 925 1344 992 sacerdo-

283 1013 361 1071 tium
376 1008 407 1071 ‚in
426 1015 584 1083 ¹aeternum
606 1002 721 1084 pudici
769 1058 772 1065 .

288 1161 292 1166 ⁵
368 1104 398 1178 5,
422 1080 653 1173 ouquNEs
684 1084 839 1169 hom-‚25-
872 1091 904 1150 in
936 1092 1048 1152 librum
1071 1089 1345 1154 Numerorumtsi

109 1221 163 1264 Μ
189 1222 262 1265 „M
286 1178 386 1239 oratio
416 1174 499 1252 ¹justi
530 1172 609 1254 sieut
638 1174 794 1233 incensum
827 1175 956 1234 offertur
978 1180 1008 1236 in
1031 1191 1213 1259 conspectu
1233 1181 1347 1254 Domini,

124 1250 129 1269 l
166 1247 173 1268 ’
287 1275 317 1327 et
340 1260 466 1339 elevatio
488 1254 631 1316 manuum
651 1257 716 1336 ejus
733 1256 916 1331 sacrificium
949 1274 995 1321 est
1013 1264 1243 1343 vespertinum.
1283 1265 1348 1324 Dicit

208 1401 219 1437 7
242 1388 264 1432 ὅ.
287 1342 404 1417 ’ςιιιῐειιιΙ
422 1339 590 1424 Apostolus
613 1342 670 1415 iis,
705 1345 759 1422 qui
785 1344 815 1400 in
851 1347 1003 1428 conjugiis
1028 1358 1126 1405 sunt:
1151 1347 1259 1408 Nolite
1278 1349 1348 1407 sran-

221 1419 227 1439 '
288 1429 359 1501 dare
383 1428 528 1501 invicem,
561 1425 620 1483 nisi
646 1424 726 1484 forte
749 1445 962 1488 .cx.consensu
983 1429 1021 1489 ad
1041 1442 1194 1512 tempus,
1226 1445 1349 1493 utvace-

111 1549 275 1599 ommim„
288 1517 324 1575 tis
347 1513 508 1595 orationi,
528 1520 559 1576 et
573 1508 699 1569 ‘iterum
725 1511 773 1591 ³¹¹:
787 1511 819 1570 id
840 1514 936 1595 ipsum
954 1515 1037 1584 sitis:
1060 1527 1186 1575 certum
1207 1529 1272 1590 est,
1292 1519 1350 1598 quia

112 1596 276 1695 autemdg·
288 1596 452 1681 impeditur
469 1588 652 1676 sacrificium
668 1593 840 1655 indesinens
861 1599 917 1673 iia,
932 1600 998 1679 ‚qui
1023 1599 1248 1683 conjugalibus
1263 1621 1348 1660 neees-

31 1395 32 1399 ’
81 1420 83 1431 ·
110 1408 128 1443 1.
138 1396 192 1436 Gor.

100 1653 278 1749 'ililliiiid
288 1679 429 1747 sitatibus
445 1681 590 1749 serviunt.
619 1668 865 1745 ,Unde'videtur
881 1681 975 1758 mihi,
999 1685 1091 1763 quod
1107 1686 1193 1744 illius
1207 1699 1252 1746 est
1272 1685 1345 1760 solius

111 1740 269 1813 ‘'main''
290 1762 400 1829 offerre
419 1757 815 1847 sacrificium,indcsinens,
852 1767 905 1846 qui
934 1767 1122 1828 indesinenti
1144 1780 1176 1829 et
1201 1781 1345 1853 perpetuae

290 1871 322 1924 se
345 1850 511 1911 devoverit·
527 1849 666 1911 castitati.
750 1906 753 1913 ,

374 1945 420 2015 6.,
446 1928 680 2015 AMBROSIUS
702 1931 788 2015 epist.
810 1945 861 2001 82.
875 1933 914 1994 ad
926 1930 1156 1996 Vercellensem
1173 1934 1347 1996 Ecclesiam:

116 2092 121 2099 η
287 2014 387 2076 Unius
410 2016 512 2073 uxoris
530 2014 630 2072 virum
648 2018 908 2098 praecipit‘esse,
928 2040 990 2078 uon
1012 2042 1075 2100 quo
1096 2033 1230 2080 exortem
1255 2019 1351 2078 exclu-

113 2118 268 2165 nrtm.t‚a
291 2102 344 2161 dat
369 2094 528 2178 conjugii,
560 2101 642 2178 (nam
670 2097 730 2156 hoc
754 2121 849 2179 snpra
875 2102 971 2183 legem
992 2106 1137 2186 praecepti
1158 2101 1217 2175 est)
1237 2101 1347 2158 sedat

262 2186 267 2195 '
290 2182 448 2266 conjugali
471 2182 648 2264 castimonia
668 2194 766 2265 servet
786 2183 951 2246 ablutionis
982 2207 1045 2247 suae
1064 2185 1192 2268 gratiam.
1234 2183 1340 2261 Neque

133 2332 143 2339 „
216 2314 247 2323 .,
291 2275 400 2351 iterum
414 2277 497 2349 ,put
513 2259 603 2347 ,filios
627 2267 659 2347 in
686 2265 984 2331 sacerdotio'creare
1015 2269 1185 2353 apostoliea
1199 2266 1340 2329 invitetur

113 2366 263 2437 matimonio
292 2354 486 2418 auctoritate.
527 2346 696 2411 Habentem
729 2354 807 2412 enim
843 2352 919 2413 dixit
954 2353 1051 2433 filios,
1082 2375 1140 2413 non
1168 2352 1346 2412 facientem:

114 2432 599 2528 ''diffidi‘’neque·t⁰¹¹iutti¹¹¹¹¹
619 2433 740 2496 iterare.
785 2436 879 2513 Quod
909 2438 980 2499 ideo
1004 2461 1067 2500 non
1076 2437 1272 2522 praetermisi,
1282 2436 1351 2515 quia

114 2501 159 2577 iu.
256 2554 258 2563 ν
293 2523 435 2606 plerique
454 2521 791 2602 itaergumentantur,
826 2525 915 2583 unius
943 2525 1051 2582 uxoris
1077 2525 1171 2583 virum
1194 2521 1352 2601 dicipost

294 2609 480 2691 baptismum
512 2602 652 2679 habitae,
681 2598 721 2665 eo
741 2599 826 2686 quod
844 2604 994 2689 baptismo
1016 2610 1127 2668 vitium
1153 2609 1192 2666 sit
1210 2603 1352 2678 ablutum,

296 2712 359 2774 quo
399 2685 597 2760 adserebatur
631 2689 891 2770 impedimentum.
949 2691 993 2752 Et
1008 2694 1096 2752 ¹vitia
1121 2690 1248 2772 quidem
1272 2701 1352 2768 atque

289 2785 414 2860 peccata
442 2769 605 2831 diluuntur
638 2775 776 2851 omnia,..
791 2786 827 2835 nt
848 2776 874 2833 si
904 2777 971 2856 quis
999 2775 1256 2841 contaminaverit
1274 2792 1348 2830 snum

290 2878 402 2940 corpus
428 2874 499 2915 cum
530 2850 692 2936 plurimis,
714 2879 788 2939 quas
815 2852 901 2918 nulla
929 2862 1069 2943 conjugii
1097 2860 1168 2944 lege
1192 2857 1346 2928 sociaverit,

290 2944 484 3004 remittantur
519 2941 546 2997 ei
575 2941 691 3017 omnia,
731 2937 786 3002 sed
825 2945 970 3026 conjugia
1002 2965 1067 3003 non
1083 2944 1305 3014 resolvuntur,
1329 2939 1344 2997 si

291 3029 359 3109 quis
398 3024 560 3085 iteraverit.
622 3022 721 3106 Culpa
749 3027 826 3086 enim
859 3027 999 3104 lavacro,
1040 3048 1107 3088 non
1138 3029 1203 3104 lex,
1227 3026 1341 3087 solvitur.

289 3108 382 3172 Nulla
406 3109 486 3169 enim
497 3106 593 3191 culpa
614 3111 765 3208 conjugii,
789 3108 844 3170 sed
862 3102 908 3169 lex
928 3122 981 3170 est
1025 3112 1125 3188 Quod
1148 3111 1226 3196 legis
1248 3104 1342 3189 estigi-

245 3239 250 3251 .
289 3208 353 3271 tur,
374 3215 437 3253 non
451 3193 617 3252 remittitur
640 3215 727 3273 quasr
746 3192 846 3274 culpa,
869 3189 922 3255 sed
944 3207 1068 3255 tenetur
1091 3199 1185 3276 quasi
1211 3196 1271 3261 lex.
1291 3193 1340 3253 Idu

290 3270 460 3360 Apostolus
491 3271 587 3358 legem
611 3281 732 3359 posuit,
775 3278 895 3339 dicens:
922 3279 954 3339 Si
984 3281 1055 3360 quis
1076 3275 1146 3341 sine
1170 3281 1298 3340 crimine
1316 3286 1343 3334 est

129 3384 235 3440 trigamus
250 3365 380 3422 etunius
406 3362 509 3421 uxoris
531 3362 588 3420 vir.
640 3360 724 3444 Ergo
748 3363 820 3443 quia
839 3365 903 3424 sine
930 3365 1054 3423 crimine
1074 3376 1123 3423 est
1147 3367 1246 3424 nnius
1268 3361 1344 3423 uxoris

116 3431 272 3522 ξζξζξῗιῖζῖω
290 3444 351 3522 vir,
382 3457 503 3521 tenetur
536 3443 575 3503 ad
611 3440 706 3527 legem
734 3442 898 3506 sacerdotii
923 3447 1121 3530 suscipiendi.
1177 3450 1249 3526 Qui
1270 3458 1347 3507 autem

290 3528 444 3599 iteraverit
467 3529 669 3611 conjugium,
702 3528 823 3612 culpam
843 3523 966 3612 quidem
983 3553 1046 3593 non
1064 3526 1163 3592 habet
1179 3533 1347 3615 coinquina·

289 3619 336 3694 ti,
358 3614 412 3676 sed
432 3612 643 3697 praerogativa
657 3614 778 3674 exuitur
799 3614 976 3676 sacerdotis.
1018 3617 1173 3694 Diximus,
1191 3619 1273 3700 quid
1291 3615 1347 3697 legit

118 3726 228 3775 rab-7.
291 3713 353 3761 est:
374 3696 508 3758 dicamus
535 3698 639 3772 etiam,
684 3691 758 3779 quid
775 3701 909 3759 rationis.
952 3698 1013 3759 Sed
1034 3698 1126 3781 prius
1140 3715 1345 3786 cognoscamus

139 3779 142 3783 ’
289 3805 357 3845 non*
374 3782 474 3843 solum
499 3781 560 3842 hoc
584 3781 769 3865 Apostolum
782 3782 821 3842 de
838 3784 996 3866 Episcopo
1020 3795 1049 3843 et
1072 3784 1278 3863 Presbytero
1298 3794 1345 3842 sta·

289 3875 402 3944 tuisse,
442 3865 495 3926 sed
518 3867 608 3926 etiam
629 3866 736 3926 Patres
759 3871 790 3926 in
816 3865 957 3927 Concilio
971 3868 1076 3944 Nicen}
1100 3880 1264 3932 tractatus
1281 3866 1351 3931 addi·

292 3955 387 4014 disse:
409 3952 516 4032 Neque
541 3950 684 4011 clericum
712 3971 896 4033 quemquam
916 3951 1028 4012 debere
1047 3971 1133 4032 esse,
1155 3959 1222 4038 qui
1237 3948 1353 4016 secunda

258 4068 263 4074 ·
291 4037 437 4120 conjugia
456 4036 589 4099 sortitus¹
615 4038 663 4097 sit.
708 4037 877 4111 Quomodo
908 4038 987 4099 enim
1005 4034 1114 4180 potest
1136 4041 1300 4102 consolari
1316 4036 1356 4095 vi·

288 4116 406 4194 duam,
449 4120 617 4198 honorare,
658 4120 816 4183 cohortari
854 4121 893 4181 ad
917 4133 1002 4203 custo
1026 4119 1150 4203 iendam
1174 4105 1363 4212 viduitatem.

293 4203 470 4283 sarvaudam
497 4206 608 4333 maqtp
634 4200 743 4296 fidem,
786 4224 875 4288 quam
903 4206 969 4288 ipse
1000 4202 1280 4296 prioriconjugio
1305 4223 1359 4266 non
