2790 4792
220 347 299 419 eat
463 336 1077 415 ,nusae-nanneto

220 542 281 590 tem
302 539 398 612 ponet
419 546 520 610 supra,
544 525 668 586 tradens
689 523 848 599 sacerdoti,
870 525 924 606 qui
940 523 1063 608 rogabit
1082 545 1142 608 pro
1159 542 1199 588 eo
1220 527 1300 590 offe-

221 656 291 696 rens
312 636 443 710 arietem,
466 644 497 693 et
517 632 686 693 dimittetur
703 632 740 695 ei.
782 629 890 692 Anima
901 633 927 692 si
941 633 1114 715 peccaverit
1127 653 1187 716 per
1208 636 1299 716 iguo·

220 744 360 817 rentiam,
380 740 548 821 feceritque
570 760 666 799 unum
692 759 727 798 ex
752 737 810 812 bis,
837 759 916 820 quac
939 739 1064 799 Domini
1091 737 1158 822 lege
1181 741 1297 814 probi-

220 847 342 924 bentur,
362 857 392 906 et
420 847 538 928 peceati
571 866 624 906 rea
643 844 824 906 intellexerit
847 846 1035 926 iniquitatem
1057 866 1163 922 suam,
1189 848 1298 909 offeret

222 957 344 1016 arietem
368 952 589 1015 immaculatum
609 951 647 1013 de
669 951 812 1036 gregibus
833 951 995 1026 sacerdoti,
1009 953 1095 1032 juxta
1122 975 1298 1016 mensuram

222 1062 519 1142 aestimationemque
551 1061 683 1141 peceati:
714 1060 769 1140 qui
788 1057 891 1118 orabit
908 1079 967 1141 pro
999 1079 1058 1135 eo,
1090 1061 1164 1140 quia
1196 1056 1298 1122 nesci-

223 1189 276 1230 ens
308 1168 432 1230 fecerit:
461 1178 492 1227 et
512 1166 679 1227 dimittetur
708 1169 753 1242 ei,
776 1166 849 1246 quia
869 1185 925 1247 per
952 1186 1086 1226 errorem
1108 1167 1242 1250 deliquit
1266 1172 1295 1228 iu

222 1276 369 1338 Domino.

308 1381 409 1441 Item
430 1364 528 1461 capite
544 1391 648 1441 sexto:
690 1379 826 1440 Locutus
849 1392 895 1440 est
915 1381 1066 1439 Dominus
1091 1380 1133 1441 ad
1156 1384 1293 1460 Moysen,

225 1486 345 1548 dicens:
388 1484 507 1561 Anima,
531 1506 609 1568 quae
630 1489 808 1569 peccaverit,
835 1499 865 1545 et
891 1498 1068 1568 contempto
1091 1488 1229 1548 Domino
1243 1513 1296 1550 ne·

224 1598 343 1678 gaverit
366 1596 505 1676 proximo
523 1614 580 1653 suo
603 1592 796 1676 depositum,
829 1592 916 1676 quod
945 1589 1018 1651 fidei
1047 1594 1113 1672 ejus
1147 1597 1296 1657 creditum

223 1702 331 1774 fuerat
352 1699 399 1756 vel
424 1699 454 1756 ri
479 1695 597 1778 aliquid
617 1703 786 1777 extorserit,
808 1715 862 1761 aut
890 1701 1068 1761 calumniam
1091 1700 1209 1778 lecerit,
1237 1707 1296 1764 sive

224 1827 288 1866 rem
305 1803 455 1885 perditam
478 1804 633 1874 invenerit,
657 1818 687 1864 et
711 1804 851 1867 inficians
886 1809 1010 1888 insuper
1044 1808 1246 1888 peieraverit,
1269 1821 1298 1870 et

224 1908 389 1992 quodlibet
408 1906 493 1967 aliud
504 1929 551 1991 ‘ex
571 1908 713 1991 pluribus
731 1912 849 1987 feeerit,
873 1911 1031 1993 inquibus
1049 1914 1152 1975 solent
1169 1935 1298 1997 peecare

223 2017 372 2091 homines,
401 2012 532 2073 conficta
562 2012 687 2091 delicti,
708 2018 818 2077 reddet
834 2024 945 2095 omnio,
974 2041 1051 2100 quae
1079 2042 1136 2102 per
1160 2022 1294 2083 fraudem

223 2096 318 2183 voluit
335 2123 484 2196 obtinere,
503 2121 628 2204 integra,
654 2131 684 2178 et
703 2123 839 2205 quintam
863 2127 988 2207 insuper
1010 2140 1129 2208 partem
1150 2131 1289 2202 Domino,
1332 2142 1334 2147 ’

224 2231 274 2291 eui
298 2231 441 2295 damnum
464 2224 619 2287 intulerat
660 2227 725 2288 Pro
740 2244 872 2312 peceato
892 2246 991 2295 autem
1009 2256 1066 2294 suo
1080 2236 1187 2297 offeret
1211 2236 1290 2294 arie-

223 2351 285 2401 tem
304 2334 528 2398 immaculatum
551 2332 589 2394 de
608 2355 716 2418 grege,
744 2348 774 2396 et
809 2337 896 2401 dabit
921 2362 989 2401 eum
1016 2342 1189 2418 sacerdoti,
1209 2343 1297 2422 juxta

223 2447 461 2509 aestimationem
483 2461 717 2524 mensuramque
742 2443 859 2506 delicti:
884 2450 938 2528 qui
960 2450 1082 2531 rogabit
1103 2472 1164 2532 pro
1187 2471 1222 2510 eo
1244 2470 1297 2509 co·

222 2575 288 2614 ram
309 2553 456 2630 Domino,
477 2561 508 2612 et
530 2548 701 2610 dimittetur
721 2551 766 2611 illi
787 2573 848 2636 pro
877 2554 1029 2638 singulis,
1049 2577 1136 2638 quae
1157 2557 1299 2617 faciendo

222 2659 370 2742 peccarit.

307 2764 432 2823 Levit.
464 2761 569 2822 XIII.=
611 2763 810 2848 Locutusque
838 2779 883 2827 est
911 2768 1061 2830 Dominus
1097 2771 1137 2833 ad
1168 2773 1300 2847 Moysen

226 2854 258 2931 et
277 2872 392 2945 Aaron,
412 2867 538 2927 dicens=
580 2869 689 2947 Homo,
707 2873 741 2930 in
756 2876 846 2953 cujus
871 2887 939 2935 cute
954 2888 984 2935 et
1007 2898 1096 2937 carne
1120 2889 1215 2937 ortus.
1231 2879 1301 2938 fue-

225 2979 268 3039 rit
287 2975 424 3037 diversus
446 2973 535 3057 color
555 2980 617 3035 sive
641 2978 787 3057 pustula,
809 2993 863 3041 aut
885 2984 970 3063 quasi
993 2983 1094 3043 lucens
1128 2987 1298 3067 quippiam,

226 3084 260 3146 id
282 3095 339 3158 est,
360 3081 449 3166 plaga
465 3081 585 3165 leprae,
612 3082 785 3145 adducetur
806 3087 845 3146 ad
874 3088 978 3149 Aaron
1006 3089 1219 3164 sacerdotem,
1250 3089 1300 3151 vel

227 3191 267 3253 ud
287 3210 382 3251 unum
402 3188 569 3271 quemlibet
590 3187 722 3251 filiorum
736 3192 817 3273 ejus.
859 3194 923 3272 Qui
955 3217 1024 3257 cum
1045 3197 1156 3259 viderit
1183 3197 1299 3280 lepram

227 3299 367 3377 incute,
394 3305 424 3355 et
443 3296 523 3378 pilos
545 3297 577 3363 in
596 3295 700 3357 album
721 3311 851 3360 mutatos
873 3303 1023 3381 colorem,
1045 3308 1203 3389 ipsamque
1225 3325 1299 3386 spe-

228 3404 306 3465 ciem
326 3401 428 3485 leprae
450 3400 644 3464 humiliorem
665 3402 734 3465 cute
757 3418 788 3466 et
809 3428 898 3468 carne
922 3410 1051 3493 reliqua,
1078 3412 1168 3494 plaga
1194 3410 1298 3493 leprae

227 3522 290 3589 est,
312 3520 343 3570 et
372 3508 411 3569 ad
443 3507 607 3569 arbitrium
638 3513 705 3593 ejus
738 3515 941 3596 separabitur.
986 3517 1040 3578 Sin
1070 3530 1171 3579 autem
1193 3517 1295 3576 lucens

225 3617 342 3679 candor
362 3617 467 3692 fuerit,
489 3627 546 3676 etc.
587 3618 629 3678 Et
647 3631 719 3703 post
739 3641 857 3704 pauca:
901 3624 1039 3700 Quodsi
1069 3647 1193 3686 rursum
1222 3644 1292 3684 caru

223 3744 309 3785 versa
330 3723 475 3783 fueritin
499 3720 646 3798 alborem,
667 3738 813 3799 ettotam
844 3728 996 3792 bominem
1017 3735 1191 3814 operuerit,
1217 3749 1294 3791 cou-

201 3828 372 3892 ·siderabit
392 3849 462 3889 eum
484 3831 638 3909 sacerdos,
658 3846 690 3894 et
710 3835 858 3896 mundum
881 3857 944 3898 esse
962 3837 1115 3898 decernet.
1159 3839 1291 3898 Iterum:

223 3934 327 3996 Porro
354 3935 379 3994 si
407 3938 526 3999 steterit
559 3939 699 4018 macula,
734 3954 765 4003 et
793 3942 896 4025 capilli
927 3945 1007 4026 nigri
1034 3943 1170 4021 fuerint,
1200 3965 1296 4005 nove-

222 4041 265 4102 rit
292 4039 447 4103 hominem
478 4056 613 4105 sanatum
635 4067 718 4126 esse,
747 4061 779 4110 et
805 4047 997 4112 confidenter
1018 4070 1087 4110 eum
1106 4051 1296 4134 pronunciet

223 4146 379 4209 mundum.
679 4160 682 4165 '

306 4251 406 4357 Item
426 4270 492 4340 cap.
514 4250 636 4330 XIV.t',
663 4260 859 4345 boeotosque
885 4271 933 4326 est
952 4261 1103 4329 Dominus
1127 4261 1170 4328 ad
1201 4265 1294 4344 Moy-
