2790 4792
262 326 342 399 ma
510 298 1153 386 nnsieaauunro·

333 497 550 566 'PAULINUS
572 504 603 563 in
632 504 694 564 vita
726 501 759 562 B.
783 502 953 583 Ambrosii,
986 519 1132 592 utsupra
1152 508 1185 568 in
1203 500 1344 594 praece·¹

265 589 349 651 denti
370 592 566 672 quaestione,
594 587 633 646 D.
656 601 685 654 5·
1096 659 1100 671 ,

350 685 378 740 1.
421 674 457 733 E.
500 668 743 733 BERNARDUS
777 671 807 728 in
835 691 974 731 sermone
1015 673 1170 736 decoena
1190 678 1337 742 Dominis

266 756 436 818 Cecidimus
468 775 560 839 super
599 775 740 814 acervum
762 753 911 838 lapidum,
936 768 964 815 et
988 759 1018 817 in
1042 758 1133 818 luto:
1170 763 1255 821 unde
1273 786 1338 826 nou

201 831 203 836 ⁵
265 841 365 901 solum
380 842 565 922 inquinati,
584 839 637 898 scd
660 841 747 899 etiam
782 837 953 914 vulnerati,
983 853 1012 900 ct
1039 845 1172 922 graviter
1196 852 1334 926 quassati

266 946 378 985 sumus.
420 926 527 984 Lavari
559 922 682 1005 quidem
715 925 777 981 cito
802 943 981 1004 possumus,
1013 927 1052 985 ad
1076 928 1244 988 sanandum
1263 954 1336 993 vero

113 1037 232 1089 mm,
267 1029 345 1091 opus
374 1022 418 1069 est
438 1019 594 1068 curatione
616 1007 718 1065 multa.
760 1008 908 1065 Lavamur
926 1009 1063 1089 igitarin
1077 1010 1239 1092 baptismo,
1259 1021 1335 1095 quia

94 1089 256 1176 ggffffbffig„
268 1093 387 1153 deletur
419 1091 657 1174 chirographum
680 1092 882 1150 damnationis
908 1104 1047 1151 nostrae:
1082 1105 1110 1152 et
1133 1100 1232 1177 gratia
1257 1098 1334 1160 haec

91 1192 155 1275 grah
185 1232 251 1271 ‚m
267 1177 356 1237 nobis
387 1178 577 1260 confertur,
595 1196 633 1235 ne
659 1175 721 1254 jam
748 1173 838 1233 nobis
870 1174 1115 1257 concupiscentia
1136 1193 1272 1257 noceat,
1305 1206 1332 1244 st

91 1245 244 1323 vriiuiffion.
267 1273 365 1320 tamen
404 1281 421 1320 a
448 1279 596 1320 consensu
620 1258 838 1327 abstineamus:
873 1272 964 1338 atque
999 1262 1040 1319 ita
1070 1274 1214 1342 tanquam
1234 1270 1331 1328 sanies

92 1331 256 1420 {ffiffffi
267 1348 422 1405 inveterati
440 1344 548 1403 ulceris
567 1352 759 1416 removetur,
796 1343 872 1419 dum
890 1343 1011 1402 tollitur
1032 1343 1204 1424 damnatio,
1235 1362 1266 1409 at
1281 1339 1333 1427 le*

92 1435 172 1470 Μ’·
229 1462 232 1470 1
265 1450 411 1511 sponsum
426 1430 551 1504 mortis,
574 1427 659 1507 quod
678 1427 845 1508 priusinde
867 1427 1027 1486 manabat·
1059 1428 1119 1487 Sed
1142 1433 1210 1509 quis
1238 1446 1342 1515 pote-'¹

265 1515 306 1573 rit
324 1525 386 1573 tam
406 1511 514 1572 efferos
541 1525 641 1571 motus
664 1510 825 1592 frangere?
858 1514 926 1591 quis
949 1513 1103 1592 pruritum
1129 1514 1242 1574 ulceris
1270 1517 1331 1577 b'u-

263 1599 314 1678 jus
328 1598 416 1677 'serre
439 1597 549 1677 queat?
592 1588 763 1669 Confidite',
789 1597 861 1676 quia
883 1608 911 1654 et
929 1597 959 1653 in
977 1595 1036 1655 hoc
1058 1609 1154 1679 gratia
1176 1599 1330 1679 subvenit,

84 1680 89 1690 '
178 1710 184 1723 ¹
264 1693 296 1742 et
316 1693 352 1741 ut
366 1682 466 1740 securi
492 1680 571 1754 sitis,
608 1681 787 1739 sacramenti
807 1681 961 1738 Dominici
987 1683 1128 1763 corporis
1154 1694 1185 1741 et
1208 1689 1332 1768 sangui-

263 1766 310 1824 nis
326 1762 456 1836 pretiosi
478 1764 684 1824 investituram
707 1761 835 1821 habetis.
880 1765 951 1822 Duo
966 1765 1043 1822 enim
1059 1763 1135 1822 illud
1151 1765 1332 1829 Sacramen-

263 1846 336 1910 tum'
346 1857 492 1931 operatur
514 1848 547 1906 in
566 1847 672 1906 nobis:
694 1858 730 1906 ut
750 1846 891 1906 videlicet
907 1859 936 1906 et
956 1867 1076 1906 sensum
1093 1850 1211 1911 minuat
1226 1853 1260 1911 in
1275 1857 1334 1912 mi·

262 1934 353 1991 nimis
378 1942 434 1991 ete.
465 1964 470 1977 =
1109 1983 1111 1988 .

347 2029 377 2080 2.
420 2012 617 2075 CYRILLUS
641 2011 802 2079 lib-tasin
824 2015 942 2084 Joann,
965 2036 990 2073 c.
1020 2027 1066 2082 17.
1104 2015 1193 2078 ·'Pias
1216 2030 1327 2101 quaeso

263 2099 465 2183 cogitationes
477 2098 632 2176 suscipias,
646 2095 780 2155 studiose
795 2109 958 2178 sancteque
970 2100 1061 2177 vivas,
1073 2111 1102 2158 et
1115 2100 1326 2165 benedictione

263 2183 447 2268 participes,
479 2201 558 2262 quae
581 2178 669 2260 (mihi
701 2179 808 2255 crede)
834 2201 894 2240 non
914 2195 1042 2241 mortem
1072 2184 1189 2261 solum,
1224 2208 1324 2246 rerum

89 2286 185 2330 nostor
205 2285 243 2327 aa.
266 2269 355 2329 etiam
382 2265 506 2326 morbos
536 2285 638 2325 omnes
670 2262 803 2345 depellit.
850 2264 943 2324 Sedat
965 2269 1058 2343 enim,
1088 2289 1158 2327 cum
1183 2273 1214 2330 in
1236 2272 1327 2333 nobis

90 2338 165 2389 ¹''¹¹¹²’
185 2349 238 2377 ⁰⁰¹¹‘
266 2340 384 2412 maneat
405 2349 618 2426 CHRISTUS,
641 2351 818 2409 saevientem
833 2349 1042 2409 membrorum
1064 2363 1204 2412 nostrum
1224 2355 1328 2439 legem,

89 2392 255 2525 {fmffilffi
265 2439 408 2519 pietatem
437 2435 639 2510 corroborat,
670 2432 919 2516 perturbationes
940 2436 1030 2493 animi
1050 2439 1206 2520 extinguit,
1247 2441 1329 2501 lbid.

89 2539 177 2572 rateto·
265 2520 354 2580 Sicut
379 2541 487 2601 parum
505 2520 645 2578 fennenti
670 2520 719 2596 (ut
735 2517 849 2576 Paulus
866 2521 916 2592 ait)
944 2529 1037 2577 totam
1055 2540 1179 2580 massam
1198 2523 1330 2585 fermen-

89 2578 230 2629 ¹'⁰⁰‘'⁵'⁸
264 2615 324 2677 tat,
360 2606 404 2662 sic
425 2602 554 2684 parvula
572 2602 748 2662 benedictio
769 2612 869 2662 totum
889 2602 1042 2662 bominem
1064 2605 1094 2662 in
1113 2626 1145 2664 se
1162 2608 1263 2687 ipsum
1282 2622 1329 2668 at-

263 2686 379 2761 trahit,
404 2699 435 2744 et
453 2706 507 2757 sua
531 2689 626 2767 gratia
653 2685 767 2767 replet:
806 2700 836 2747 et
854 2685 914 2746 boc
940 2686 1034 2747 modo
1071 2689 1103 2747 in
1122 2689 1223 2749 nobis
1238 2692 1330 2753 Cbri-

267 2781 330 2828 stus
347 2780 469 2843 manet,
503 2779 533 2825 et
550 2789 607 2826 nos
625 2772 657 2827 in
679 2769 812 2834 Christo.

88 2871 255 2932 rotantem·
349 2863 379 2918 3.
422 2851 530 2910 IDEM
558 2846 609 2909 lib.
632 2864 663 2919 5.
692 2853 723 2909 in
744 2851 871 2928 loann,
910 2875 936 2913 c.
967 2866 1018 2921 57.
1049 2855 1152 2915 Sciant
1181 2855 1328 2940 baptizati

88 2934 254 3019 2332252h¹i¹ss
266 2935 420 3012 homines,
442 2946 472 2995 et
488 2934 607 2994 divinae
621 2936 735 3017 gratiae
747 2938 914 3018 participes
938 2937 1027 3010 facti,
1046 2941 1071 2997 si
1089 2943 1187 3000 rarius
1213 2945 1244 3002 in
1265 2945 1328 3003 Ec·

86 3022 242 3123 sslssffiss‘m
264 3020 383 3080 clesiam
415 3016 670 3103 proficiscantur,
702 3028 731 3077 et
760 3018 852 3103 longo
879 3032 1049 3103 temporum
1074 3027 1175 3106 spatio
1194 3038 1326 3109 propter

163 3098 170 3112 ’
262 3107 431 3166 simulatam
463 3103 641 3185 religionem
674 3104 799 3183 mystice
835 3109 1055 3165 communicare
1089 3109 1214 3169 Christo
1237 3132 1329 3171 recu·

262 3198 346 3266 sent,
371 3188 409 3248 ab
431 3202 553 3248 aeterna
581 3207 613 3246 se
635 3189 696 3246 rita
713 3185 823 3269 procul
847 3187 1016 3271 depellere:
1039 3193 1151 3274 quippe
1172 3199 1324 3257 recusatio

260 3273 460 3355 hujusmodi,
495 3274 630 3352 quamvis
669 3292 704 3330 cx
725 3270 871 3354 religione
901 3272 1058 3354 proficisci
1091 3276 1252 3354 videatur,
1294 3290 1325 3340 et

88 3367 238 3409 Incommode
260 3358 435 3418 scandalum
450 3356 544 3433 saeit,
567 3368 597 3417 et
625 3356 750 3438 laqueos
777 3358 919 3416 instruit:
952 3379 1048 3439 quare
1069 3373 1194 3441 oportet
1224 3366 1325 3423 omni-

85 3418 319 3507 iiiifflibus
337 3441 456 3501 viribus
477 3451 638 3521 apeeeato
661 3437 818 3515 mundari,
840 3453 870 3501 et
893 3454 975 3500 recte
999 3444 1119 3502 vivendi
1142 3446 1232 3524 jactis
1251 3450 1324 3506 lun·
1353 3484 1355 3487 -

85 3515 194 3557 mm·
260 3527 425 3600 (lamentis,
451 3543 559 3606 magna
586 3545 656 3584 eum
680 3520 795 3583 fidncia
818 3523 857 3601 ad
873 3525 1044 3585 sumendam
1078 3529 1170 3587 vitam
1191 3551 1325 3591 concur-

259 3629 335 3668 rere.
378 3608 440 3667 Sed
461 3611 562 3668 variae
577 3621 647 3668 sunt
672 3606 788 3668 diaboli
828 3608 1073 3692 multiplicesque
1104 3613 1143 3671 ad
1164 3613 1324 3697 decipien-

258 3691 332 3752 dum
351 3693 488 3752 insidiae.
531 3692 605 3751 Nam
625 3693 758 3775 primum
775 3691 814 3752 ad
837 3692 997 3753 vivendum
1019 3696 1150 3776 turpiter
1182 3701 1323 3759 inducit:

258 3777 368 3837 deinde
388 3798 457 3835 cum
477 3774 562 3835 malis
588 3778 706 3836 onerati
725 3776 859 3855 luerint,
883 3790 956 3837 tunc
976 3777 1141 3839 abhorrere
1165 3800 1182 3840 a
1205 3781 1321 3843 Christi

256 3860 354 3945 gloria
397 3861 583 3942 persuadet,
620 3881 681 3942 qua
711 3874 836 3942 possent
863 3880 880 3920 a
914 3862 1106 3944 turpitudine
1141 3864 1318 3949 voluptatis,

259 3946 345 4024 quasi
375 3944 414 4003 ab
437 3944 583 4004 ebrietate
616 3947 763 4004 revocari.
819 3946 922 4020 Quare
939 3945 1043 4005 demus
1066 3968 1211 4031 operam,
1248 3969 1316 4027 oro,

254 4041 290 4087 ut
309 4028 436 4087 vinculis
459 4031 525 4108 ejus
552 4029 712 4110 abruptis,
741 4038 771 4089 et
785 4029 863 4112 jugo
878 4031 1031 4090 servitutis
1051 4044 1247 4112 peccatorum
1266 4054 1319 4092 ex-

254 4132 362 4186 cusso,
385 4113 415 4170 in
429 4113 536 4172 timore
557 4113 691 4173 Domino
714 4114 885 4172 serviamus.
938 4112 980 4172 Et
1002 4128 1037 4174 ut
1062 4117 1158 4174 carnis
1174 4117 1320 4199 volupta-

252 4206 284 4265 te
306 4215 362 4279 per
377 4198 593 4257 continentiam
613 4197 781 4280 separata,
799 4195 839 4257 ad
860 4192 1017 4258 caelestem
1037 4201 1164 4282 gratiam
1186 4200 1320 4263 accedas·
