2790 4792
235 348 334 421 ,ης
507 334 1087 411 υΕεἋοΒΑΜΕΝΤο

338 542 368 598 8.
411 528 518 591 IDEM
536 529 661 592 homilia
678 542 729 599 24.
749 533 779 590 in
801 531 825 590 Ι.
845 531 930 592 Con:
961 531 1003 591 Et
1029 534 1060 591 in
1082 530 1178 590 veteri
1200 532 1326 613 quidem

258 624 447 691 testamento,
468 616 536 675 cum
558 616 782 698 impefectiores
795 628 902 692 essent,
927 637 1017 697 quem
1039 615 1130 675 idolis
1154 613 1325 680 offerebant

255 700 438 782 sanguinem,
461 701 618 783 eum-'ipse
646 719 784 782 accipere
800 701 908 777 voluit,
926 713 962 760 ut
983 700 1021 759 ab
1042 699 1132 760 idolis
1158 720 1212 759 eos
1235 720 1325 762 aver·-¹

80 771 243 873 ffifflff'
254 794 341 842 teret.
385 785 478 860 Quod
500 785 589 863 etiam
619 782 831 844 inenarrabilis
859 786 970 844 amoris
999 786 1116 869 signum
1150 796 1224 845 erat.
1267 788 1322 849 Hie

80 873 210 925 sumpserit.
257 881 357 928 autem
372 868 468 928 multo
482 866 697 930 'admirabilius
719 879 749 927 ct
766 867 1004 949 magnificentius
1026 865 1322 954 sacrificium-prae-

255 954 382 1034 paravit,
402 964 432 1012 et
450 973 545 1033 quum
559 951 741 1012 sacrificium
767 955 863 1033 ipsum
887 966 1095 1028 commutaret,
1119 958 1149 1011 et
1165 956 1320 1039 prtr'bru-

80 1008 243 1099 „milli
256 1048 356 1096 torum
373 1035 463 1096 caede
478 1057 509 1094 se
526 1037 625 1118 ipsum
644 1034 831 1095 offerendum
849 1040 1046 1119 praeciperet.
1069 1037 1219 1118 Et'paulo
1239 1042 1320 1121 p'os't:

77 1107 243 1208 {¹}fflssffss'„
255 1119 315 1179 Sed
338 1142 432 1201 quare
456 1120 559 1180 addit:
583 1142 673 1201 quem
696 1121 880 1201 frangimus?
922 1123 991 1183 Hoc
1010 1123 1041 1179 iu
1062 1120 1257 1197 Euchaiistia
1274 1123 1320 1182 ii-

80 1205 147 1255 001122·
255 1205 327 1264 dere
350 1203 429 1279 licet,
452 1206 483 1263 in
506 1225 596 1264 cruce
621 1210 720 1264 autem
741 1207 871 1281 minime,
899 1206 951 1264 sed
973 1207 1099 1264 omnino
1120 1219 1245 1267 contra:
1277 1207 1316 1267 0s

78 1273 241 1370 ffl'gf'ffjf·
255 1291 331 1347 enim
351 1292 428 1368 ejus,
448 1290 558 1370 inquit,
576 1308 636 1347 non
661 1289 852 1347 conderetur.
897 1289 958 1348 Sed
981 1289 1066 1369 quod
1087 1291 1118 1347 in
1142 1312 1236 1351 cruce
1251 1302 1319 1374 pusi

253 1392 303 1431 sus
321 1384 452 1449 nonest,
480 1375 512 1433 id
535 1375 566 1432 in
592 1372 748 1432 oblatione
770 1374 888 1454 patitur
913 1370 1112 1455 propterte:
1134 1375 1237 1459 frangi
1259 1371 1316 1436 sus-

164 1517 169 1527 ,
252 1462 338 1533 tinet,
362 1467 397 1515 ut
416 1479 517 1517 omnes
540 1459 635 1517 satiet.

77 1519 1315 1624 fflfflrnnfflfflffimmmmmemm

253 1622 358 1685 altaria
380 1624 559 1683 daemonum
582 1627 613 1685 in
630 1626 785 1707 pulverem
809 1623 1029 1708 redigerentur,
1049 1645 1131 1683 aram
1147 1625 1248 1708 ignoti
1262 1626 1314 1684 Dei

102 1757 157 1799 ,m
213 1758 228 1799 d
253 1707 292 1767 ad
313 1712 571 1768 consecrationem
591 1710 738 1769 reservari
757 1711 918 1788 jussimus:
943 1729 1003 1790 qua
1028 1709 1168 1768 dedicata
1194 1711 1227 1769 in
1261 1730 1316 1769 no·

77 1770 232 1847 consulitis
253 1793 333 1850 mine
355 1793 479 1850 Domini
506 1793 563 1851 Dei
586 1793 689 1867 lsrael,
715 1807 745 1851 ct
768 1795 862 1873 ipsius
882 1795 965 1852 testis
992 1791 1148 1874 Stephani,
1171 1795 1228 1875 qui
1261 1812 1315 1877 pro

75 1869 128 1945 iffi
137 1869 240 1965 32⁶1ss⁸
252 1896 289 1933 eo
312 1895 329 1934 a
351 1875 471 1935 ludaeis
492 1896 596 1958 passus
615 1889 670 1951 est,
682 1888 754 1934 ‘non
777 1875 906 1935 hominis
928 1875 1062 1949 cultum,
1081 1876 1134 1936 sed
1151 1876 1213 1936 Dei
1233 1880 1263 1937 in
1283 1895 1314 1937 aa

74 1960 120 1998 ω’·
163 1982 166 1987 ·
251 1959 465 2039 frequentatis:
506 1959 679 2040 Stephanus
705 1962 783 2017 enim
807 1981 869 2018 non
900 1963 1005 2035 Deus,
1038 1960 1091 2020 sed
1117 1963 1234 2022 amicus
1261 1961 1314 2022 Det

249 2041 322 2101 suit:
344 2048 398 2123 qui
423 2064 480 2125 pro
507 2044 680 2101 testimonio
697 2044 785 2122 ejus,
812 2045 937 2101 animam
961 2065 1046 2103 suam
1066 2040 1191 2126 posuit:
1227 2047 1309 2125 cujus

248 2127 393 2207 sanguine
417 2128 480 2209 ipsa
503 2146 602 2186 mensa
621 2138 667 2185 est
686 2124 839 2202 decorata,
862 2129 932 2207 quia
949 2149 1006 2188 suo
1031 2131 1179 2211 sanguine
1200 2126 1308 2189 JESUS

97 2266 113 2307 Β
155 2266 200 2307 ,ω
250 2210 444 2270 CHRISTUS
466 2211 682 2293 comprobatus
707 2223 752 2269 est
778 2231 840 2269 esse
870 2213 970 2271 Deus:
999 2225 1028 2271 et
1059 2216 1113 2293 qui
1138 2215 1308 2288 crediderit,

76 2278 425 2357 nei⁰l>lrer⁸liornomenta
455 2294 527 2356 fidei
555 2296 674 2377 maiora
700 2296 895 2378 perceperit„
924 2295 1114 2355 Sacrificium
1139 2300 1222 2356 euim
1250 2300 1310 2357 Deo

73 2366 237 2454 ffim¹²¹¹⁶²ffi¹
250 2381 383 2439 creatori
403 2379 531 2441 offertur
556 2380 592 2440 in¹
616 2401 684 2456 ara,
705 2400 769 2438 non
797 2378 933 2455 homini,
957 2401 1060 2461 neque
1089 2381 1211 2463 angelo.
1254 2383 1311 2444 Neo

90 2463 348 2553 gh‘sssslffijsolum
370 2466 401 2523 in
429 2485 481 2525 ara
499 2463 694 2540 sanctificata,
719 2464 773 2523 sed
799 2463 917 2544 ubique
937 2463 1065 2524 offertur
1098 2466 1168 2525 Deo
1197 2466 1309 2527 oblatio

71 2523 165 2619 {urnam
182 2562 237 2602 offo·
248 2548 369 2624 munda,
388 2551 468 2609 sicut
487 2561 614 2609 testatus
637 2562 694 2609 est:
717 2550 807 2628 cujus
828 2567 942 2628 corpus
966 2560 996 2608 et
1022 2550 1198 2631 sanguinem
1217 2552 1251 2611 in
1269 2550 1311 2610 vi·

70 2620 153 2651 ‘'¹¹⁸‘'
247 2642 308 2691 tam
333 2643 483 2691 aeternam
509 2632 672 2706 offerimus,
697 2631 845 2691 diceutes:
869 2631 1000 2714 Spiritus
1022 2645 1067 2692 est
1082 2635 1179 2710 Deus,
1200 2647 1234 2697 et
1254 2654 1309 2710 cut,

248 2715 300 2794 qui
331 2714 565 2787 adorantem,
589 2720 620 2774 in
655 2717 765 2792 spiritu
798 2726 827 2774 et
858 2718 984 2777 veritate
1020 2726 1146 2797 oportet
1174 2718 1310 2781 adorare.

71 2774 216 2857 ³⁰⁸⁸‘.⁸'²⁸‘
246 2798 316 2877 Ipse
340 2800 551 2880 enim-corpus
569 2791 689 2858 haben's'
705 2810 735 2878 et
755 2799 999 2876 immaculatum,
1033 2812 1063 2859 et
1089 2801 1153 2860 sine
1174 2812 1313 2886 peccato,

124 2944 128 2961 1
246 2882 316 2961 quia
344 2893 510 2962 conceptus
536 2895 579 2940 est
593 2882 631 2940 de
643 2886 754 2964 spiritu
772 2895 892 2958 sancto„
911 2894 998 2943 natus
1020 2905 1054 2943 cx
1075 2886 1172 2958 Maria
1187 2889 1313 2971 virgins,

71 3023 72 3026 ,
169 2976 173 2985 ’
210 2964 277 3029 „in
298 2984 347 3025 ara
368 2968 467 3023 crucis
492 2967 591 3047 ipsum
611 2969 748 3046 permisit
761 2967 919 3025 immolari.
965 2968 1059 3043 Quod
1081 2981 1182 3028 autem
1204 2971 1309 3032 ludaei

152 3078 155 3083 ·
182 3046 215 3129 jl'·
225 3060 300 3132 'per
320 3048 461 3108 invidiam
474 3049 713 3124 immolaverunt,
726 3062 898 3131 putantes,
911 3072 943 3111 se
963 3073 1070 3112 nomon
1096 3055 1163 3132 ejus
1194 3076 1211 3115 a
1232 3068 1309 3117 terra

148 3128 166 3157 '¹
243 3132 389 3211 abolere,
402 3155 457 3194 nos
477 3155 566 3194 causa
587 3134 691 3193 salutis
716 3145 837 3192 nostrae
857 3137 887 3193 in
912 3157 962 3196 ara
984 3134 1170 3199 sanctificata
1187 3149 1309 3225 propo-

242 3220 350 3293 nimus,
376 3220 502 3278 scientes
520 3219 579 3278 hoc
602 3217 670 3278 solo
693 3218 826 3277 reme‘dio
862 3218 951 3280 nobis
980 3224 1071 3280 vitam
1088 3225 1308 3302 praestandam,

70 3288 273 3391 ξξξῇξξζζῗζοεῑ
288 3313 414 3361 mortem
437 3302 640 3386 effugandnma
669 3300 728 3360 bor.
746 3304 824 3360 enim
846 3303 912 3385 ipse
937 3306 1085 3364 Dominus
1109 3316 1214 3366 nos'ter
1247 3310 1307 3367 'us-

70 3390 147 3428 21‘02
170 3400 231 3429 ‘²⁰¹³
242 3388 281 3444 sit
304 3406 359 3446 nos
373 3408 462 3470 agere
481 3389 511 3447 in
534 3391 581 3446 sui
603 3389 931 3451 commemorationem.
974 3388 1049 3448 Nam
1081 3388 1119 3448 de
1152 3331 1316 3452 sacrificiis·

69 3434 231 3535 illliil'n..
241 3464 398 3531 idolorum
418 3483 524 3528 notum
549 3472 638 3532 vobis
660 3492 735 3530 ame
761 3470 949 3550 factumest,
971 3475 1042 3553 quia
1063 3492 1096 3532 en
1114 3477 1244 3536 maxime
1270 3475 1306 3536 ds

68 3532 230 3623 sslllff-lffig
241 3574 330 3613 causa
353 3553 568 3613 dominabatur
582 3555 668 3614 vobis
693 3554 844 3616 diabolus.
888 3558 928 3616 Et
951 3561 1032 3633 sicut
1052 3560 1229 3620 communio
1248 3561 1314 3639 rivi·

66 3629 206 3720 ffisssslfffuffl
240 3636 298 3694 Dei
320 3649 365 3696 est
395 3637 482 3697 vobis
512 3641 591 3714 vita,
615 3643 657 3699 sie
685 3641 881 3722 participatio
910 3650 1030 3701 mensae
1059 3642 1304 3716 simulacrorum,

238 3731 304 3778 erat
325 3720 411 3779 vobis
450 3734 570 3782 aeterna
602 3743 703 3799 mors,
726 3734 755 3782 et
781 3723 988 3802 infirmitates,
1004 3736 1059 3787 'et'
1077 3731 1304 3810 corruptiones,

238 3814 269 3861 et
285 3805 394 3865 nimiae
412 3805 627 3866 tribulationes
652 3807 747 3886 hujus
765 3809 868 3869 seculi.
886 3846 891 3853 ·

324 3901 371 3954 10.
414 3890 633 3951 DlONYSlUS
652 3891 803 3974 Areopag.
825 3890 909 3950 Eccl.
931 3884 1085 3952 liicrarcb.
1104 3914 1130 3954 c.
1152 3907 1201 3962 3.=
1225 3896 1303 3958 Hinc

232 3970 296 4049 jam
316 3975 505 4034 venerandus
528 3979 651 4036 antistes
679 3975 787 4034 divinis
810 3974 957 4035 altaribus
982 3976 1124 4052 adstans,
1146 3988 1304 4041 sancta-et

233 4053 332 4113 divina
354 4055 460 4117 laudat
476 4059 573 4118 JESU
595 4078 699 4140 opera,
729 4079 806 4138 quae
824 4057 984 4119 ineffabilis
1010 4061 1237 4142 providentiae
1253 4084 1305 4124 ra-

231 4134 316 4197 tione
334 4141 365 4197 in
397 4139 524 4200 salutem
544 4144 661 4224 generis
681 4144 794 4218 nostri,
817 4141 975 4204 voluntate
1003 4147 1184 4229 sanctissimi
1205 4149 1316 4231 patris·

230 4222 262 4283 in
287 4225 400 4308 spiritu
413 4236 519 4288 sancto
544 4229 592 4305 (ut
614 4226 747 4311 eloquia
767 4226 870 4288 divina
897 4227 1044 4312 tradunt)
1061 4233 1314 4294 consummavi&
