2790 4792
253 258 369 322 wei
494 203 1079 306 nasicasunnro

333 429 454 491 Hebr.
490 430 565 489 lit:
610 429 718 511 Neque
757 441 794 490 ut
833 448 921 512 saepe
946 429 1055 490 offerat
1083 442 1176 489 semet
1215 433 1327 515 ipsum,

253 536 507 621 quemadmodum
534 537 673 619 pontifex
708 549 790 612 ete,
821 534 956 616 alioquin
986 534 1150 620 oportebat
1171 559 1241 598 enm
1264 542 1325 600 fre-

252 659 381 728 quenter
407 646 471 727 pati
497 642 535 702 ab
568 646 687 725 origine
710 643 836 703 mundi:
857 665 938 704 nune
967 658 1067 704 autem
1084 643 1175 704 semel
1194 647 1227 705 in
1251 669 1324 708 con·

251 722 445 811 summatioue
477 750 667 810 saeculorum
693 750 732 810 ad
755 751 991 810 destructionem
1014 754 1130 833 peccati
1143 796 1152 829 ,
1185 754 1322 835 per'ho·

250 864 337 920 stiam
371 880 453 918 suam
482 859 634 940 apparuit.
690 858 732 917 Et
747 856 1003 938 quemadmodum
1033 872 1180 920 statutum
1201 874 1246 921 est
1267 862 1323 922 ho·

249 951 381 1026 minibus
398 965 488 1025 semel
507 965 608 1039 mori,
627 977 697 1046 post
716 964 777 1025 hoc
809 977 908 1024 autem
925 966 1090 1046 judicium:
1113 969 1156 1027 sic
1178 980 1210 1028 et
1231 968 1316 1028 Chri-

166 1080 170 1088 '
250 1087 312 1132 stus
343 1068 432 1130 semel
458 1073 579 1134 oblatus
609 1084 654 1130 est
688 1073 727 1131 ad
760 1073 928 1133 multorum
949 1072 1155 1132 exhaurienda
1187 1088 1316 1156 peccata,

250 1182 384 1240 seeundo
402 1183 465 1239 sine
486 1189 614 1263 peceato
635 1177 795 1260 apparebit
818 1178 1059 1265 exspectantibus
1083 1200 1124 1257 se,
1145 1182 1176 1240 in
1188 1182 1315 1243 salutem

312 1464 316 1473 Ι
598 1379 624 1439 Ρ
667 1375 695 1436 Α
737 1379 765 1437 Τ
804 1377 833 1436 R
873 1379 901 1438 E
943 1379 975 1445 S.
1036 1389 1037 1394 ’

76 1557 240 1602 nauseatus-
328 1534 425 1606 ’1,Λ.
467 1536 690 1599 DIONYSlUS
725 1535 839 1622 Areop.
871 1539 955 1602 Eccl.
987 1540 1147 1602 Hierarclr.
1183 1565 1249 1626 cap.
1268 1506 1323 1612 5

77 1615 108 1652 cii
126 1622 228 1660 ternpore

75 1627 451 1710 „;0,y,·„‚1,001nspiciamus
476 1644 532 1706 per
556 1621 675 1704 singula
699 1625 832 1698 mysterii
859 1627 1035 1684 sanctissimi
1059 1635 1170 1701 ritum,
1194 1633 1315 1690 exactis·

76 1707 416 1798 ⁰2212ffiffsiinarnqiie
448 1708 691 1766 confectionem
720 1720 750 1766 et
775 1707 860 1787 quod
881 1711 1061 1790 spiritaliter
1093 1715 1208 1794 signet,
1230 1714 1314 1773 inda-

75 1771 89 1809 P
222 1782 324 1880 ‘gare
352 1812 522 1874 pergamus.
577 1791 685 1870 Itaque
721 1792 861 1871 pontifex
889 1794 1026 1872 quidem,
1071 1796 1126 1854 ubi
1148 1808 1341 1857 orationem¹

250 1891 381 1940 sanctam
406 1897 499 1958 supra
535 1875 793 1950 divinum·altar·e
826 1879 963 1958 peregit,
1008 1901 1042 1936 ex
1071 1881 1137 1960 ipso
1161 1881 1314 1940 incensum

189 1997 195 2016 ι
249 1965 372 2024 adolere
409 1961 572 2032 inclroanS,
608 1979 726 2018 omnem
740 1958 833 2040 phuni
859 1962 1005 2020 ambitum
1025 1965 1143 2021 circuit.
1188 1967 1312 2045 llemum

249 2049 288 2108 ad
322 2059 457 2104 sanctum
494 2043 586 2102 altare
610 2043 721 2102 iterum
745 2043 884 2114 rediens,
907 2037 1095 2126 psalmorum
1121 2049 1231 2130 incipit
1251 2071 1310 2108 me-

249 2134 310 2209 lon,
332 2129 564 2189 concinentibus
589 2146 689 2186 secum
712 2148 798 2186 saera
817 2131 950 2188 carmina
970 2133 1109 2189 omnibus
1130 2132 1312 2193 eeclesiasti-

91 2276 94 2290 Α
160 2216 162 2221 ’
248 2222 276 2277 ei
301 2215 417 2278 ordinis
444 2213 610 2296 gradibusz
637 2212 747 2272 deinde
765 2214 972 2272 ministrorum
987 2215 1113 2284 officio,
1140 2230 1312 2279 sanctarum

162 2358 165 2386 i
247 2305 466 2384 seripturarum
497 2299 589 2359 lectio
619 2318 675 2356 suo
704 2297 812 2356 ordine
831 2301 984 2357 recitatur.
1037 2300 1114 2359 Post
1139 2299 1216 2360 lraec
1233 2316 1313 2362 extra

248 2388 409 2447 delubrum
447 2383 654 2443 catechumeni
685 2381 778 2457 fiunt,
813 2394 844 2441 et
874 2403 942 2439 cum
959 2385 1029 2464 ipsis
1057 2388 1265 2467 energumeni,
1287 2397 1313 2446 et

192 2540 193 2546 ἵ
247 2475 269 2529 ii
295 2489 438 2550 quoque,
473 2471 527 2545 qui
556 2471 585 2525 in
625 2468 812 2548 poenitentia
841 2479 919 2525 sunt.
971 2469 1217 2541 lllancutautemn
1235 2473 1312 2530 intus

247 2554 323 2621 soli,
361 2555 413 2630 qui
437 2551 538 2610 diviua
563 2563 701 2622 spectare
718 2562 874 2609 merentur
891 2563 983 2630 atque
1000 2555 1167 2634 percipere.
1213 2555 1311 2616 Porro

245 2640 452 2695 ministrorum
478 2634 528 2692 alii
552 2635 675 2714 quidem
702 2654 761 2714 pro
780 2633 888 2693 clausis
915 2636 1020 2716 templi
1041 2636 1161 2695 foribus
1183 2640 1309 2715 adstant,

248 2722 299 2780 alii
323 2720 445 2800 proprii
471 2717 587 2796 aliquid
613 2720 745 2775 muneris
768 2730 871 2799 agunt.
927 2719 990 2794 Qui
1012 2742 1083 2779 vero
1110 2723 1205 2804 ipsius
1228 2723 1312 2783 ordi·

247 2808 294 2864 nis
329 2803 485 2884 praecipui
512 2812 599 2874 sunt,
627 2821 688 2858 una
713 2822 782 2858 cum
803 2803 1013 2862 sacerdotibus
1039 2818 1178 2865 sanctum
1204 2829 1310 2891 panem

249 2901 278 2949 et
310 2887 530 2947 benedictionis
566 2883 712 2961 salicem,
736 2889 934 2945 saerosanctis
971 2887 1116 2948 altaribus
1143 2891 1309 2975 imponunt,

247 2996 316 3034 cum
345 2984 413 3031 aute
435 2971 631 3052 praecesserit
654 2968 692 3028 ab
714 2971 795 3028 omni
816 2970 900 3030 clero
924 2973 1099 3032 universalis
1129 2974 1196 3035 laus
1221 2991 1308 3059 atque

247 3049 405 3119 corifessio.
449 3056 499 3115 Ad
519 3054 593 3114 haec
617 3053 806 3113 venerandus
820 3053 971 3132 Antistes,
994 3060 1161 3117 orationem
1183 3064 1308 3122 sanctis·

244 3147 348 3202 siniam
380 3161 543 3223 peragens,
577 3159 680 3221 pacem
710 3150 841 3196 sanctam
860 3141 1000 3200 omnibus
1022 3144 1166 3219 nuntiat,
1190 3159 1220 3204 et
1243 3167 1307 3205 cum

243 3249 275 3286 se
307 3239 415 3286 mutuo
440 3245 544 3285 omnes
567 3223 778 3298 salutaverint,
811 3227 935 3299 mystica
959 3238 1142 3286 sanctorum
1166 3231 1305 3291 recitatio

243 3309 288 3370 fit.
331 3309 391 3370 Ubi
413 3328 485 3368 vero
507 3328 612 3369 manus
637 3321 701 3367 tum
717 3308 848 3388 Antistes
871 3322 934 3368 tum
959 3310 1131 3370 sacerdotes
1154 3332 1234 3394 aqua
1262 3314 1312 3373 la-·

243 3407 368 3468 verunt,
398 3394 536 3475 pontifex
563 3393 603 3451 ad
631 3392 762 3452 medium
780 3393 873 3453 divini
892 3397 1000 3453 assistit
1021 3393 1138 3454 altaris:
1173 3400 1303 3457 circum·

242 3491 322 3538 stant
349 3490 449 3536 autem
475 3477 532 3536 soli
559 3498 626 3536 curu
650 3476 858 3541 sacerdotibus
878 3478 982 3553 electi,
1016 3482 1131 3560 quique
1157 3502 1192 3540 ex
1215 3484 1303 3541 mini·

242 3575 375 3621 strorum
403 3582 537 3620 numero
594 3561 635 3619 At
660 3582 731 3620 vero
760 3563 900 3641 pontifex
942 3583 1011 3620 cum
1047 3563 1150 3624 divina
1181 3584 1302 3626 munera

242 3645 333 3717 laude
365 3657 546 3727 prosecutus
566 3645 676 3721 fuerit,
700 3657 890 3705 sacrosancta
910 3657 940 3705 et
961 3649 1169 3730 augustissima
1192 3663 1302 3727 myste-

68 3747 177 3809 ostonuo
195 3733 286 3794 varia
329 3729 468 3806 conficit,
502 3741 531 3790 et
562 3751 639 3810 quae
678 3743 747 3789 ante
777 3728 952 3789 laudaverat
982 3733 1160 3792 venerandis
1196 3746 1303 3818 operta
1346 3777 1350 3783 ·

66 3800 230 3891 {lillssl‘i'ffl'fu'
242 3825 334 3894 atque
352 3814 455 3889 abdite
483 3815 592 3896 signis,
634 3817 665 3892 in
689 3827 886 3895 conspectum
909 3815 970 3896 agit
991 3816 1157 3898 divinaque
1178 3838 1301 3883 muliera

239 3910 419 3957 reverenter
450 3899 629 3973 ostendeus,
660 3897 698 3957 ad
726 3918 842 3956 sacram
874 3897 995 3957 illorum
1015 3903 1258 3963 communionem
1272 3915 1301 3964 et

237 3985 302 4065 ipse
336 3984 540 4058 convertitur,
576 3992 605 4040 et
631 3983 784 4064 reliquos,
816 3993 852 4040 nt
875 3985 1113 4061 communicent,
1143 3984 1304 4048 hortatum

235 4066 362 4147 Sumpta
392 4065 517 4125 domum
546 4076 637 4146 atque
660 4064 801 4126 omnibus
819 4063 933 4125 tradita
955 4072 1170 4129 communione
1185 4070 1298 4146 divina,
1335 4091 1338 4101 ·

232 4153 342 4234 gratias
364 4150 516 4227 referens,
539 4147 630 4212 finem
647 4149 954 4235 mysteriis'imponit.
996 4153 1043 4218 Aa
1063 4153 1155 4216 multi
1170 4155 1299 4238 quiden
