2790 4792
300 284 874 415 bitonum-sttui·
948 408 955 419 „
1042 343 1134 411 ΜΘ

57 520 142 579 ritus
159 540 312 603 sugamus:
331 541 407 589 nnus
425 520 465 581 sit
489 509 581 580 nobis
599 517 716 598 dolor,
734 539 798 582 una
821 523 994 602 moestitia,
1003 519 1042 583 =si
1071 514 1312 613 hooffflofssgss

61 600 207 673 alimento
233 604 373 686 spiritali·
388 607 551 687 privamur.
1146 624 1186 672 οτι
1199 624 1299 675 comqu-

125 701 179 755 .2.
221 689 329 750 IDEM
348 689 510 757 homilias
537 689 568 747 in
588 686 761 769 Epistulam
782 686 823 751 ad
838 686 1003 772 Ephesios,
1035 702 1065 750 et
1085 703 1136 757 61.
1146 675 1217 754 ii⁰¹²⁰
1234 677 1312 718 ’Μ

61 768 105 833 ad
126 771 280 855 populum
308 773 551 837 Antiochenum:
595 772 761 853 Quotquot
795 774 828 832 in
866 795 996 856 corpore
1024 773 1137 834 Christi
1171 807 1233 865 Qum
1246 808 1311 864 0031·
1357 826 1361 834 .

40 858 501 939 ·communicamus,·quotquot
520 858 697 938 sanguinem
719 854 803 915 illius
821 857 1024 939 degustamus,
1050 858 1248 942 cogi-²¹¹²ium·

62 948 171 1016 temus,
192 941 274 1021 quod
301 941 383 1002 iltius
410 961 522 1022 corpus
553 953 584 998 et
613 942 792 1023 sanguinem
822 954 998 1022 gustamus,
1028 947 1081 1021 qni
1105 945 1137 1003 in
1176 1001 1178 1005 .

64 1023 243 1086 caelestibus
273 1025 376 1103 sedet,
411 1026 466 1104 qui
499 1023 538 1082 ab
572 1024 685 1105 augelis
714 1024 882 1098 adoratur„
918 1027 971 1106 qui
1000 1031 1145 1107 proxime

65 1108 201 1169 consistit
219 1110 385 1177 ,immortali
408 1109 466 1166 Dei
495 1106 659 1189 potentiae.
703 1107 746 1169 Et
767 1107 952 1189 quibusdam
972 1111 1139 1190 interposi-

63 1194 119 1252 tisz
160 1190 269 1255 Adstat
286 1191 504 1272 mensaregia,
526 1191 638 1250 adsunt
651 1191 750 1273 augeli
769 1212 889 1251 mensae
918 1192 1012 1272 hujus
1032 1195 1139 1252 minis-

62 1282 112 1352 tri,
135 1276 220 1337 adest
246 1299 300 1338 rex
319 1280 395 1358 ipse,
416 1286 446 1334 et
471 1287 505 1333 tu
525 1275 747 1335 oscitabundus
768 1275 890 1335 adstas?
926 1276 1068 1337 Sordidis
1090 1279 1140 1335 in·
1182 1334 1185 1339 .

63 1361 155 1421 dutus
176 1382 217 1437 es,
235 1359 364 1421 etnihil
383 1358 489 1418 curas?
532 1358 594 1417 Sed
616 1360 751 1419 vestibus
774 1380 805 1419 es
823 1344 965 1419 mundis?
987 1360 1142 1421 Recumbe

60 1446 165 1524 itaque
193 1457 224 1504 et
245 1443 446 1517 communica.
491 1443 641 1519 Quotidie
659 1447 751 1517 venit,
784 1456 820 1504 ut
844 1443 1069 1504 discumbentes
1093 1446 1143 1504 ri·
1175 1454 1179 1465 '
1224 1463 1228 1473 ⁸

61 1527 132 1603 deat
144 1571 153 1604 ,
166 1527 321 1604 ,omnihus
348 1525 508 1606 loquitur,
532 1537 564 1587 et
584 1548 668 1587 nnnc
693 1529 784 1586 etiam
818 1528 850 1588 in
872 1530 1067 1591 conscientiis
1091 1528 1142 1589 di-

60 1613 90 1673 ci
143 1622 204 1670 etc.
690 1652 693 1657 ,
1131 1670 1136 1679 .

18 1700 23 1713 ¹
75 1623 114 1757 ,ι’
147 1706 177 1759 a.
221 1691 452 1767 AMBROSIUS
478 1694 574 1757 habet
606 1698 638 1755 in
672 1707 763 1761 tomo.
787 1708 898 1777 quarto
929 1709 1002 1778 post
1028 1690 1167 1765 librum,
1309 1687 1319 1703 ’

60 1777 101 1838 de
124 1775 270 1858 dignitate
304 1779 483 1839 sacerdotali
515 1781 591 1841 duas
620 1782 813 1861 precationes
845 1780 885 1839 ad
904 1782 1027 1840 Missam
1049 1801 1141 1864 prae·
1268 1790 1271 1795 ‘

59 1869 218 1943 parantes.
258 1857 354 1939 Prior
371 1865 414 1922 sic
432 1865 557 1944 incipit:
600 1864 723 1923 Summe
742 1863 892 1924 Sacerdos
907 1876 938 1925 et
957 1886 1027 1925 vere
1039 1865 1139 1929 ,Ponss

59 1944 136 2002 tifex
164 1942 260 2001 JESU
281 1942 454 2005 CHRISTE
476 1959 534 2009 etc.
578 1945 681 2007 Altera
703 1966 787 2024 vero,
816 1948 943 2009 Summa
966 1960 995 2009 et
1010 1951 1140 2027 iucom-

57 2025 276 2112 prehensibilis
293 2039 401 2090 natura
430 2043 486 2088 etc.

146 2123 174 2176 1.
217 2111 251 2169 F.
282 2109 541 2185 AUGUSTtNUS
569 2100 711 2177 sermone
729 2078 881 2177 'secundo
911 2074 961 2177 de·
980 2129 1134 2201 tempore:
1191 2180 1195 2184 ,

60 2193 187 2255 Invitati
208 2215 311 2253 sumus
334 2197 372 2259 ad
393 2219 545 2274 mensam,
567 2199 622 2258 ubi
643 2221 707 2260 non
734 2202 889 2259 invenitur
911 2199 999 2259 cibus
1031 2200 1137 2259 homi-

62 2299 143 2353 num,
166 2276 225 2336 sed
242 2282 329 2360 panis
348 2284 473 2364 ponitur
496 2282 691 2364 Angelorum.
735 2284 778 2343 Et
796 2284 867 2343 ideo
889 2285 1135 2363 quotiescunque

67 2373 119 2421 aut
137 2360 327 2423 dies-natalis
349 2366 484 2438 Domini,
512 2379 566 2425 aut
582 2367 719 2444 reliquae
749 2366 927 2425 festivitates
960 2363 1135 2441 adveniunt,
1310 2412 1313 2417 .

64 2448 140 2509 sicut
153 2446 329 2527 frequenter
348 2450 503 2523 admonui,
520 2461 589 2507 ante
610 2448 715 2529 plures
734 2446 802 2505 dies
822 2467 886 2506 non
906 2447 1006 2530 solnm
1030 2447 1068 2507 ab
1088 2426 1314 2521 ἰη-ἓξῗξοξὲξξῖ·

63 2529 143 2591 felici
169 2532 412 2606 concubinarum
432 2534 604 2605 consortio,
637 2531 802 2590 sedetiam
828 2551 846 2591 a
875 2532 1012 2614 propriis
1028 2527 1210 2594 uxori-⁶¹⁸³·
1286 2559 1289 2563 ·

61 2613 120 2689 hus
137 2613 294 2676 abstinete.
381 2688 385 2695 ¹
541 2661 543 2665 ψ
1209 2622 1212 2627 ’

143 2714 177 2767 2.
217 2700 328 2759 IDEM
358 2720 490 2759 sermon.
525 2710 596 2762 252.
623 2696 661 2756 de
689 2709 849 2779 tempores
894 2700 957 2775 Qui
991 2699 1029 2773 ad
1052 2701 1136 2762 istud

60 2783 154 2846 altare
178 2794 265 2843 custo
291 2803 422 2866 corpore
451 2794 484 2842 et
504 2780 619 2840 mundo
641 2781 733 2841 corde
751 2803 820 2842 cum
842 2785 955 2845 munda
981 2797 1010 2844 et
1029 2808 1135 2846 secura
1147 2810 1218 2853 cano
1232 2823 1314 2864 corpo.

59 2866 248 2930 conscientia
273 2868 367 2939 venit,
389 2865 429 2925 ad
455 2864 533 2926 illud
559 2865 663 2943 altare,
685 2866 770 2949 qnod
790 2870 821 2928 iu
847 2868 936 2929 caelis
967 2881 1026 2947 est,
1053 2872 1133 2930 felici
1146 2861 1313 2951 {grflfiffflm

57 2950 328 3030 transmigratione
343 2951 506 3030 perveniet.
548 2951 598 3011 Ad
616 2963 798 3030 extremum,
833 2953 948 3020 fratres
980 2957 1135 3028 carissimi,
1203 3003 1206 3007 .

57 3052 124 3106 non
144 3044 192 3092 est
211 3053 300 3114 grave
320 3053 375 3093 nec
397 3033 595 3108 laboriosum,
615 3028 859 3121 quod'suggero:
881 3037 942 3096 hoc
958 3035 1039 3111 dico,
1052 3038 1138 3118 quod

31 3141 114 3182 'vos
139 3115 315 3197 frequenter
341 3117 442 3179 facere
471 3119 616 3200 adspicio.
661 3119 773 3199 Omnes
797 3123 870 3197 viri,
898 3120 1025 3200 quando
1052 3136 1309 3192 com-nuntiemi-

57 3205 216 3266 municare
241 3200 423 3277 desiderant,
438 3201 537 3262 lavant
559 3225 663 3263 manus
682 3225 767 3264 suas:
802 3216 834 3263 et
866 3225 973 3264 omnes.
997 3203 1137 3266 mulieres
1148 3199 1185 3228 ⁸¹¹²
1196 3192 1300 3271 ’,ΜΨ

59 3287 158 3350 nitida
189 3282 333 3345 exhibent
371 3286 562 3362 linteamina,
595 3287 651 3349 ubi
685 3309 799 3371 corpus
826 3286 942 3347 Christi
976 3290 1135 3371 accipiant.

60 3373 132 3435 Non
147 3381 192 3433 est
207 3391 306 3453 grave,
327 3370 419 3456 'quod
438 3370 520 3446 dico,
541 3372 668 3433 fratres:
691 3372 847 3456 quomodo
862 3371 920 3431 viri
934 3371 1035 3434 lavant
1057 3396 1137 3456 aqua
1216 3420 1219 3425 ·
1283 3386 1285 3392 '

61 3477 168 3517 manus
189 3474 268 3530 suas,
287 3457 331 3514 sio
351 3456 547 3530 elecmosynis
573 3455 672 3517 lavent
698 3459 900 3518 conscientias
923 3478 1010 3537 suas..¹
1044 3458 1137 3519 Simi-
1367 3456 1375 3467 ‘

62 3541 133 3609 liter
164 3550 196 3599 et
220 3538 363 3601 mulieres
386 3540 544 3624 quomodo
566 3541 699 3601 nitidum
725 3540 870 3607 exhibent
894 3540 1063 3619 linteolum,
1075 3543 1139 3625 ¹ubi

63 3644 174 3707 corpus
201 3622 316 3683 Christi
341 3626 507 3707 accipiantx
529 3626 572 3684 sic
598 3646 711 3706 corpus
728 3639 845 3686 castum
861 3637 892 3685 et
913 3646 968 3685 cor
990 3628 1139 3687 mundum

64 3708 236 3781 exhibeant,
258 3721 293 3767 ut
312 3728 382 3767 cum
402 3709 487 3769 bona
517 3711 700 3768 conscientia
725 3709 841 3783 Christi
858 3723 1045 3777 sacramenta
1071 3733 1140 3773 sus-

64 3795 186 3875 cipiant
230 3792 318 3874 Rogo
344 3814 410 3870 ros,
429 3795 552 3868 fratres,
570 3794 721 3874 numquid
741 3807 786 3854 est
808 3792 929 3873 aliquis,
946 3797 997 3875 qui
1018 3797 1051 3855 iu
1069 3817 1140 3856 arca

65 3874 207 3935 sordibus
232 3876 323 3959 piena
344 3878 428 3951 ⁵uelit
452 3881 572 3938 mittere
604 3890 718 3938 vestem
737 3875 841 3943 suam?
883 3877 924 3935 Et
958 3879 1039 3939 siin
1071 3902 1141 3942 asca

66 3959 209 4019 sordibus
226 3959 316 4042 plena
335 3964 425 4039 vestis
455 3982 519 4022 non
546 3962 678 4020 mittitur
706 3963 869 4045 preciosa,
893 3982 958 4042 qus⁴
984 3954 1086 4025 fronte
1109 3968 1141 4024 iu

65 4043 170 4120 anima,
197 4062 276 4122 quae
304 4058 502 4129 peccatorum
528 4046 673 4109 sordibus
706 4047 908 4130 inquinatur,
934 4044 1049 4109 Christi
1074 4049 1142 4111 Eu-

66 4123 212 4189 charistia
230 4131 422 4213 suscipitur?
765 4160 789 4197 ..·.

141 4222 176 4281 s.
218 4211 325 4283 uun
345 4216 378 4279 n
403 4213 629 4300 epistolaris.
650 4198 914 4313 stimuum,
933 4237 961 4279 e.
995 4227 1044 4285 s:
1086 4214 1140 4275 Li-
