2790 4792
327 299 862 370 nuenaats‘me.
1053 306 1130 383 lll

60 513 128 553 non
152 493 237 553 'enlm
259 491 355 572 dixit,
382 489 480 564 Panis,
506 501 599 568 quem
618 507 675 569 ego
696 483 789 560 dabo,
809 481 908 567 figura
940 497 988 548 est
1012 488 1131 548 earnis:

63 578 128 652 ted,
158 577 238 636 Caro
262 598 329 637 mea
346 587 398 641 est.
439 573 687 633 Translbrmattu·
710 571 787 637 enim
810 572 924 630 arcanis
949 571 1051 632 verbis
1073 595 1297 654 pa-rmmm..

62 663 110 720 nis
137 660 193 720 ille
220 681 277 743 per
299 661 449 734 mysticam
476 656 725 717 benedictionem
750 664 779 711 et
806 658 1004 716 accessionem
1031 648 1266 739 sanctitrrgif·

64 746 204 826 spiritus;
225 748 257 804 in
276 765 391 807 carnem
406 743 541 801 Domini.
584 739 627 797 Et
646 758 685 797 ne
717 759 808 818 quem
844 740 1022 816 conturbet,
1043 741 1128 822 quod

64 829 236 888 credendus
261 831 302 889 sit
334 828 419 912 panis
450 845 533 887 care.
576 822 697 881 Etenim
723 834 753 881 et
778 822 810 879 in
833 841 922 883 carne
955 825 1129 885 ambulante

64 913 220 985 Domino,
246 924 275 972 et
301 935 335 973 ex
358 931 440 994 pane
461 907 635 968 alimoniam
661 906 856 982 admittente,
879 910 966 989 panis
988 909 1048 982 ille,
1074 911 1128 989 qui
1212 946 1215 953 ·
1294 946 1298 955 -

63 997 313 1074 manducabatur,
335 999 366 1056 in
387 1013 504 1074 corpus
529 991 595 1070 ej‘us
627 989 818 1064 mutabatur,
850 1002 880 1048 et
908 993 1010 1051 similis
1035 990 1131 1053 fiebat
1181 999 1184 1005 '
1247 1017 1253 1025 ·

62 1093 182 1140 sanctae
205 1084 273 1162 ejus
295 1080 394 1153 carni,
415 1089 446 1136 et
464 1078 496 1133 in
517 1084 708 1156 augmentum
727 1087 757 1134 et
778 1076 1023 1135 sustentationem
1052 1096 1130 1135 con·

62 1164 180 1224 ferebat
199 1167 286 1246 juxta
302 1165 473 1225 humanum
487 1179 615 1222 morem.
656 1155 755 1240 Igitur
770 1168 801 1217 et
817 1178 896 1217 nunc
909 1162 994 1239 panis
1013 1162 1045 1218 in
1064 1180 1130 1218 car-
1140 1147 1300 1238 ffss‘fflff'·

62 1269 130 1310 nem
148 1249 273 1309 Domini
295 1258 443 1307 mutatur.
497 1242 539 1300 Et
569 1242 727 1322 quomodo
763 1241 892 1321 (inquit)
921 1263 985 1302 non
1004 1255 1132 1324 apparet

62 1333 256 1409 nobiseam,
279 1332 336 1391 sed
355 1326 461 1409 panis?
504 1326 545 1383 Ut
567 1345 630 1384 nen
652 1325 872 1385 abhorreamus
902 1323 951 1382 ab
972 1328 1039 1406 ejus
1071 1347 1132 1388 esu.

62 1416 139 1477 Nam
160 1420 184 1475 si
214 1415 343 1495 ,quidem
371 1430 441 1468 caro
466 1411 669 1490 apparuisset,
697 1410 868 1468 insuaviter
880 1407 981 1468 affecti
1003 1430 1133 1470 essemus

63 1522 139 1582 erga
168 1497 428 1560 communionem.
470 1492 558 1558 Nunc
585 1504 684 1571 antem
711 1492 972 1553 condescendentc
998 1493 1133 1553 Domino

60 1596 191 1643 nostrae
216 1576 401 1650 infirmitati,
426 1575 493 1638 talis
516 1591 643 1658 apparet
658 1576 747 1641 uobis
768 1578 912 1654 mysticus
933 1576 1032 1654 cibus,
1055 1598 1133 1660 qua-

64 1666 152 1727 libus
178 1663 319 1741 alioquin
341 1664 448 1721 assucti
469 1682 580 1721 sumus.
675 1720 677 1725 ,

152 1759 183 1814 4.
227 1745 425 1805 CYRILLUS
446 1744 527 1803 'Alen
547 1747 579 1804 in
606 1747 693 1829 epist.
716 1744 754 1826 ad
776 1743 909 1821 Calosyr.
928 1748 1018 1827 episc.
1040 1743 1128 1805 Arsi·
1136 1768 1304 1814 montesis...

64 1833 207 1894 noitam:
249 1828 312 1889 Nec
337 1827 470 1905 dubites,
487 1850 524 1888 an
548 1827 610 1890 boc
631 1851 742 1889 verum*
758 1832 813 1906 sit,
842 1852 879 1891 eo
905 1831 1060 1890 manifeste
1079 1818 1190 1891 ‹ti-‘¹¹¹³'
1202 1819 1231 1860 ‘¹’
1244 1824 1304 1863 '⁶¹¹‘

1136 1875 1184 1908 tate
1193 1873 1302 1930 corpori·

62 1928 172 1979 cente:
201 1916 268 1978 Hoc
287 1925 331 1974 est
354 1934 465 1995 corpus
481 1935 596 1974 meum:
619 1915 672 1984 sed
697 1918 802 1998 potius
818 1917 940 1997 suscipe
953 1915 1047 1976 verba
1062 1917 1124 1976 sal·
1135 1919 1305 2010 ffflfflffi·

59 2001 177 2061 vatoris
198 2001 227 2057 in
251 1995 331 2058 fide:
375 1997 449 2057 Cum
469 2001 548 2065 enim
569 2000 609 2058 sit
630 2001 760 2075 veritas,
785 2021 845 2059 non
873 2002 1027 2061 mentitur.
1070 2001 1289 2077 ln-nsantape.

62 2087 184 2149 aeniunt
200 2084 295 2165 igitur
312 2082 444 2142 dieentes
469 2084 624 2160 mysticam
645 2082 927 2153 benedictionem-a
952 2078 1125 2146 'sanctifica-
1136 2070 1301 2155 {i'ssssissllfu'

61 2173 151 2231 tione
171 2187 305 2243 cessare,
336 2167 362 2226 si
393 2188 471 2247 quae
494 2165 642 2248 reliquiae
663 2172 863 2234 remanserint
888 2170 954 2249 ejus
982 2172 1014 2228 in
1045 2169 1125 2228 diem
1137 2166 1294 2254 ξζζξξξξῑξξξι

65 2251 317 2332 subsequentem:
359 2250 426 2313 Non
457 2253 534 2311 enim
561 2250 733 2318 mutabitur
758 2265 986 2312 sacrosanctum
1013 2246 1291 2332 corpus'sonttituut·

67 2335 246 2412 CHRISTI,
269 2334 322 2395 sed
344 2337 442 2395 virtus
458 2335 682 2395 benedictionis
711 2346 741 2393 et
759 2334 942 2395 vivificativa
962 2337 1059 2418 gratia
1073 2336 1128 2414 ju·

66 2420 218 2504 gisiaco
245 2431 298 2479 est.
342 2418 449 2480 Virtus
469 2421 551 2479 enim
566 2415 746 2478 vivificativa
759 2419 817 2477 Dei
838 2420 956 2499 patris,
991 2419 1132 2501 unigeni·
1218 2458 1221 2465 .

62 2517 132 2565 tum
157 2504 285 2563 verbum
303 2515 356 2577 est,
383 2503 469 2584 quod
492 2523 563 2561 caro
583 2501 774 2576 factumest,
803 2522 865 2561 non
895 2497 1033 2563 desinens
1068 2523 1132 2563 esse

60 2588 202 2664 verbum,
220 2588 273 2648 sed
294 2587 423 2647 efficiens
447 2606 567 2646 carnem
591 2583 810 2646 vivificativam.
854 2585 886 2645 Si
907 2589 984 2646 enim
1016 2588 1048 2647 in
1074 2587 1133 2647 ali-

62 2695 130 2755 quo
155 2672 276 2753 liquore
293 2671 449 2730 modicum
470 2671 556 2751 panis
580 2670 754 2747 immiseris,
780 2673 913 2754 reperies
937 2671 1019 2743 hunc
1039 2671 1132 2732 imbi-

55 2744 167 2819 bitum
189 2755 335 2837 qualitate
355 2753 446 2812 illius.
491 2755 590 2837 Igitur
611 2753 825 2816 vivificativum
841 2757 898 2816 Dei
916 2757 1043 2816 verbum
1059 2759 1132 2817 uni-

62 2854 116 2905 ens
132 2861 166 2900 se
184 2842 284 2922 ipsum
308 2839 451 2920 propriae
474 2841 566 2927 qarni,
589 2839 662 2898 fecit
682 2861 746 2901 cam
773 2840 992 2903 vivificativam.
1034 2843 1133 2902 Num·

62 2925 145 3008 quid
163 2946 237 3005 ergo
259 2935 289 2980 et
309 2924 451 3001 quoniam
468 2923 609 2984 iubebis
631 2927 693 2984 vita
714 2926 773 2986 Dei
795 2937 849 3000 est,
871 2926 946 2986 DEI
962 2926 1057 2986 verbo
1080 2949 1132 2986 cx·

60 3012 177 3071 istcnte
196 3010 226 3064 in
248 3003 348 3079 nobb,
362 3005 574 3068 vivificativum
595 3011 655 3068 erit
672 3022 808 3072 nostrum
822 3009 959 3090 corpusl
1002 3009 1062 3068 Sed
1076 3011 1133 3069 ali-

62 3093 108 3157 ud
134 3102 192 3165 est,
214 3089 381 3150 secundum
402 3095 641 3174 participationis
663 3091 875 3154 habitudinem
896 3114 951 3151 nos
966 3093 1081 3152 habere
1097 3095 1130 3152 in

61 3176 158 3238 nobis
181 3175 256 3234 DEI
279 3171 397 3232 filium:
429 3176 537 3252 aliud,
555 3199 654 3260 ipsum
682 3179 776 3238 luisse
806 3177 921 3236 sactum
943 3197 1073 3251 carnem,
1099 3175 1132 3237 id

62 3274 119 3337 est,
145 3279 262 3341 corpus
279 3270 435 3339 sumptum
452 3281 487 3318 ex
509 3261 584 3321 alma
602 3264 726 3345 virgine,
749 3263 912 3343 proprium
930 3280 1044 3342 corpus
1058 3259 1132 3319 effe-

61 3347 153 3408 cisse.
194 3342 333 3403 Decebat
346 3363 429 3426 ergo,
453 3345 521 3402 ¹eum
541 3349 652 3406 nostris
671 3345 900 3428 quodammodo
912 3345 1002 3416 ,uniri
1019 3359 1223 3427 corpo-matter
1240 3377 1292 3421 ser.

60 3427 172 3503 ribus,
201 3449 258 3509 per
286 3447 402 3487 sacram
428 3429 494 3507 ejus
530 3450 649 3488 carnem
686 3443 716 3491 et
740 3431 914 3512 preciosum
942 3413 1304 3515 sanguinem,lll¹¹'ll.”1lll

60 3534 146 3596 quae
163 3513 327 3592 accipimus
348 3513 380 3570 in
402 3510 613 3573 benedictione
632 3513 821 3588 vivificativa,
843 3515 875 3572 in
901 3535 979 3597 pane
1001 3526 1030 3574 et
1047 3512 1302 3601 vinnsslgssstlhstl·

58 3596 108 3659 Ne
132 3596 212 3655 enim
236 3595 433 3656 horreremus
458 3615 582 3656 carnem
606 3610 638 3657 et
670 3600 844 3680 sanguinem
870 3600 1011 3680 apposita
1032 3603 1125 3663 saeris
1190 3587 1197 3603 ⁰
1305 3662 1308 3667 ,

60 3679 223 3754 altaribus,
237 3680 481 3740 condescendens
492 3681 576 3740 Deus
597 3686 707 3742 nostris
720 3682 946 3766 fragilitatibus,
955 3682 1055 3745 inlluit
1066 3683 1126 3746 ob·
1138 3700 1183 3741 eur
1193 3698 1217 3760 tn
1227 3702 1302 3744 auen·

61 3762 203 3826 latisvim
216 3765 296 3837 vitae,
312 3775 490 3825 convertens
515 3785 549 3824 ea
572 3773 603 3824 in
620 3768 777 3827 veritatem
795 3769 939 3848 propriae
957 3770 1065 3844 carnis,
1091 3782 1128 3830 ut
1138 3762 1163 3802 Ῥ
1166 3763 1220 3791 ‘⁰¹⁶'

64 3867 180 3932 eorpus
199 3848 277 3908 vitae
297 3849 381 3928 quasi
406 3849 564 3929 quoddam
586 3870 686 3910 semen
713 3848 927 3910 vivificativum
957 3853 1310 3933 ἰιινεηίῑιῐιιι·(ῃοηημῑοὴ.ΙΙ

67 3930 100 3991 io
115 3931 224 3991 nobis:
253 3931 335 3992 unde
362 3931 483 3996 subdita
528 3936 596 3997 Ho'c
627 3934 720 3996 facite
740 3937 772 3996 in
792 3955 890 3995 meam
908 3933 1304 4034 commemora-{figllffssi;{⁰„‚‚

66 4013 189 4077 lienem.
705 4031 707 4035 ’
794 4018 797 4025 ⁴
836 4033 845 4053 i
1086 4037 1088 4041 ⁷
1137 4031 1184 4072 nn.

87 4136 93 4143 -
146 4113 175 4169 5.
196 4134 199 4141 ·
218 4097 451 4163 AMBROSIUS
466 4102 499 4162 L.
529 4102 583 4164 IV
613 4103 653 4167 de
676 4070 854 4166 Sacramsc.
888 4117 932 4174 tie
973 4056 1132 4193 ilidicisti,

59 4181 151 4263 quod
168 4204 206 4246 ex
225 4203 303 4267 pane
321 4205 434 4269 corpus
452 4183 508 4250 fiat
529 4188 700 4270 CHRISTI,
722 4201 753 4253 et
766 4190 858 4275 qued
878 4193 982 4257 vinum
998 4203 1034 4257 ‘et
1046 4208 1130 4279 aqua
