2790 4792
289 328 366 403 lm
530 316 1120 414 nusscuauauro

227 565 230 570 .
291 507 334 571 ris
360 515 390 566 et
415 504 567 587 sanguinis
595 494 741 580 Domini,
773 503 896 583 eadem,
929 525 991 588 qna
1008 525 1123 588 corpus
1143 505 1213 587 ejus
1235 516 1267 567 et
1287 527 1358 567 san·

294 589 362 673 guis
379 600 531 651 maiestate
548 589 728 651 veneranda.

378 671 587 733 CYRILLUS·
604 668 760 734 Hierosol.
781 671 926 733 cateches.
947 672 986 733 V.
1014 683 1194 755 mystagog:
1226 670 1355 733 Vidistis

63 792 76 813 ·
123 765 185 857 fflm
195 767 251 809 mn:
264 773 287 809 0:
297 756 457 818 diaconum
481 777 590 837 aquam
613 754 747 818 lavandis
766 756 905 817 manibus
914 757 1117 840 porrigentem
1127 754 1284 817 sacerdoti
1299 769 1351 817 etc.

121 823 273 923 :fiillrlieu
296 840 416 900 Deinde
432 840 539 900 clamat
563 841 710 902 diaconus
731 842 820 924 longe
840 853 930 923 post:
953 841 1192 925 Compleetimini
1213 852 1245 901 et
1266 861 1355 900 oscu-

123 914 218 956 ω’·
297 925 398 985 lemini
418 945 471 983 vos
492 926 635 987 invicem:
657 938 749 1008 atque
765 940 839 985 tunc
854 936 958 984 mutuo
979 946 1037 984 nos
1058 924 1164 984 osculo
1182 923 1354 984 salutamus.

296 1009 408 1071 Postea
436 1008 543 1068 clamat
574 1010 736 1070 sacerdos:
772 1010 898 1069 Sursum
928 1009 1030 1068 corda.
1088 1008 1153 1068 Vos
1173 1008 1284 1068 deinde
1307 1029 1355 1069 re-

297 1092 471 1176 spondetis:
493 1093 646 1154 Habemus
666 1095 706 1155 ad
726 1094 902 1154 Dominum.
956 1091 1074 1152 Deinde
1098 1091 1173 1151 dicit
1195 1091 1353 1152 sacerdos:

298 1178 419 1238 Gratias
440 1196 562 1259 agamus
585 1178 728 1238 Domino.
777 1179 827 1237 Ad
846 1179 923 1238 haec
945 1198 1000 1237 vos
1015 1175 1185 1255 subjicitis:
1220 1175 1354 1257 Dignum

297 1272 329 1321 et
359 1262 475 1340 justum
512 1273 567 1324 est.
621 1263 760 1323 Facimus
782 1262 893 1322 deinde
916 1263 1095 1321 mentionem
1115 1259 1189 1318 caeli
1206 1271 1237 1319 et
1261 1272 1355 1321 terrae

123 1416 126 1427 Ι
212 1416 214 1424 y
297 1356 329 1404 et
343 1345 453 1421 maris,
474 1342 548 1406 solis
567 1357 597 1408 et
619 1346 728 1424 lunae,
759 1359 789 1406 et
809 1346 943 1405 siderum
960 1365 994 1404 ac
1020 1346 1175 1403 universae
1190 1354 1354 1418 creaturae,

221 1446 227 1466 ⁸
296 1439 359 1488 tam
381 1431 498 1488 ratione
514 1430 795 1511 praeditae,.quam
821 1429 1024 1489 irrationalis:
1057 1440 1118 1488 tam
1141 1428 1250 1503 istius,
1280 1447 1353 1509 quae

296 1512 417 1571 ridetur
444 1534 536 1593 quam
563 1514 663 1592 illius,
686 1535 753 1597 qua:
769 1513 827 1575 sub
848 1526 1001 1595 aspectum
1020 1525 1157 1572 nostrum
1177 1531 1240 1570 non
1257 1512 1351 1572 cadit:

296 1594 493 1680 angelorum,
515 1596 787 1682 archangelorum,
811 1600 973 1672 virtutum,
995 1597 1243 1669 dominationum,
1271 1599 1354 1677 prin·

297 1683 470 1762 cipatuum,
518 1694 718 1763 potestatum,
751 1681 935 1741 th'ronorum
963 1692 993 1740 et
1025 1679 1208 1755 Cherubim,
1254 1679 1354 1738 faciem

298 1765 517 1845 operientrum‚
552 1767 640 1846 quasi
674 1766 842 1826 diceremus
871 1764 948 1825 illud
976 1763 1118 1823 Davidis:
1164 1760 1355 1846 Magnificate

297 1846 464 1909 Dominum
490 1868 616 1909 mecum.
667 1850 944 1910 Commemoramus
977 1849 1065 1907 etiam
1099 1846 1150 1906 illa
1180 1846 1354 1922 Cherubim,

301 1936 427 2011 quaein
451 1932 559 2013 spiritu
576 1945 682 1994 sancto
701 1934 846 1994 cernebat
864 1933 988 2006 Esaias,
1021 1931 1247 1990 circumstantia
1270 1930 1355 1991 tlrro·

295 2012 373 2073 ‘num
396 2016 471 2074 Dei:
509 2036 544 2075 ac
564 2017 617 2076 alis
645 2017 768 2099 quidem
795 2015 914 2077 duabus
945 2016 1050 2074 facicm
1083 2013 1234 2089 velantia,
1268 2027 1352 2094 atque

300 2098 450 2158 dicentia:
475 2099 623 2175 Sanctus,
644 2114 784 2177 sanctus,
806 2113 926 2160 sanctus
943 2100 1091 2157 Dominus
1112 2098 1196 2158 Deus
1211 2095 1350 2159 sabaoth.

298 2181 467 2265 Propterea
483 2186 561 2243 enim
582 2182 723 2244 traditam
741 2183 831 2245 nobis
860 2182 937 2243 hanc
959 2181 1153 2264 Serapbicam
1177 2181 1352 2265 theologiam

301 2269 476 2343 recitamus,
507 2271 591 2328 utin
612 2268 664 2328 illa
676 2269 786 2329 caelesti
811 2267 997 2344 hymnodia,
1026 2288 1093 2326 cum
1112 2287 1148 2326 su
1172 2267 1355 2326 ramundaua

299 2349 407 2412 militia
429 2354 697 2414 communicemus:
720 2366 814 2435 atque
831 2355 874 2412 sic
899 2372 955 2435 per
969 2350 1119 2430 ejusmodi
1148 2289 1281 2424 hymnos
1304 2369 1355 2409 nos

301 2436 383 2516 ipsos
407 2434 646 2514 sanctificantes,
668 2437 767 2496 Deum
786 2437 1032 2520 benignissimum
1049 2456 1189 2506 oramus,
1212 2449 1247 2495 ut
1269 2453 1355 2516 super

229 2588 232 2593 .
301 2518 352 2578 illa
373 2524 551 2602 proposita,
573 2533 709 2580 sanctum
732 2524 873 2604 spiritum
894 2522 1029 2596 emittat,
1051 2531 1086 2578 ut
1108 2539 1216 2600 panem
1235 2520 1355 2599 quidem

301 2602 393 2662 faciat
418 2624 528 2686 corpus
554 2604 735 2681 CHRISTI,
765 2607 866 2664 viuum
894 2624 967 2663 vero
988 2604 1163 2686 sanguinem
1186 2602 1355 2662 CHRlstt.

301 2684 435 2746 Omnino
460 2688 556 2761 euim,
580 2688 666 2768 quod
684 2691 817 2772 attigerit
835 2689 959 2771 spiritus
980 2700 1116 2762 sanctus,
1138 2685 1200 2747 boo
1223 2684 1355 2753 sanctifi·

128 2779 396 2836 curramusatur
427 2782 458 2829 et
486 2782 712 2831 transmutatur.
765 2773 882 2831 Deinde
903 2793 976 2832 vero
997 2784 1169 2854 postquam,
1182 2771 1355 2831 confectum

129 2848 203 2884 Μ·
301 2863 347 2911 est
366 2851 443 2911 illud
475 2855 628 2936 spirituale
649 2854 846 2932 sacrificium,
870 2867 899 2914 et
916 2855 968 2914 ille
989 2856 1087 2917 cultus
1104 2856 1285 2915 incruentus
1306 2875 1354 2914 su-

246 2958 251 2973 =
300 2957 357 3020 per
382 2937 446 3020 ipsa
461 2938 688 3020 propitiationis
712 2938 823 3014 hostia,
845 2939 1038 2999 obsecramus
1048 2941 1166 3014 Deum,
1188 2959 1248 3020 pro
1272 2961 1354 3000 com·

299 3041 383 3081 mum
402 3020 606 3081 Ecclesiarum
629 3044 722 3104 pace,
743 3045 802 3106 pro
828 3023 1045 3102 tranquillitate
1065 3022 1180 3096 muudi,
1202 3044 1262 3104 pro
1277 3025 1355 3106 regi-

299 3105 379 3182 bus,
409 3127 470 3188 pro
499 3105 661 3191 militibus,
693 3128 759 3189 pro·
778 3109 884 3182 sociis,
907 3127 965 3187 pro
986 3108 1104 3194 aegrotis
1121 3118 1151 3165 et
1166 3107 1307 3184 afflictis,
1329 3115 1355 3166 et

300 3191 332 3250 in
364 3211 478 3249 summa
500 3211 561 3273 pro
586 3190 634 3267 his
657 3189 819 3266 omnibus,
842 3191 895 3270 qui
917 3203 1005 3272 egent
1018 3190 1139 3251 auxilio.
1182 3190 1355 3273 indigemus

274 3287 401 3337 autem
426 3295 538 3334 omnes.
590 3276 664 3335 Cum
698 3274 758 3334 boc
781 3271 962 3334 sacrificium
986 3275 1153 3348 offerimus,
1175 3286 1281 3355 postea
1308 3275 1355 3334 fa-

151 3382 260 3424 temon·
300 3361 395 3418 cimus
417 3363 599 3418 mentionem
620 3360 709 3419 etiam
731 3379 852 3432 eorum,
872 3360 1012 3438 quiante
1037 3380 1092 3419 nos
1108 3357 1349 3418 obdormierunt.

125 3434 288 3522 ffiffi'ffl'
298 3441 435 3502 Primum
457 3442 720 3518 Patriarcharum,
743 3442 988 3524 Prophetarum,
1010 3441 1252 3525 Apostolorum,
1274 3445 1355 3503 Mar-

299 3537 417 3603 tyrum,
439 3539 475 3586 ut
486 3526 568 3585 Deus
592 3527 919 3591 orationibusillorum
941 3540 972 3587 et
999 3526 1266 3609 deprecationibus
1289 3546 1355 3587 sus-

127 3620 238 3661 menori:
253 3621 290 3662 te·
302 3612 394 3693 cipiat
429 3630 534 3692 preces
557 3622 686 3671 nostras.
739 3611 856 3672 Deinde
880 3634 937 3695 pro
954 3611 1105 3673 detunctis
1125 3613 1235 3671 sanctis
1253 3609 1354 3670 Patri-

127 3669 359 3778 iilfriillm'abus
375 3706 405 3771 et
433 3694 460 3754 E
485 3693 615 3776 iscopis5
638 3692 774 3785 denique
787 3716 846 3777 pro
866 3695 1005 3757 omnibus
1027 3715 1164 3769 oramus,
1198 3697 1253 3774 qui
1278 3697 1355 3753 inter

125 3779 237 3862 2:222*
256 3769 356 3837 J¹¹·nos
377 3780 438 3841 rita
456 3716 554 3839 timui
575 3789 659 3856 sunt,
680 3780 839 3849 marimum
867 3801 930 3842 esse
948 3778 1102 3839 credentes
1122 3779 1286 3838 animarum
1302 3779 1356 3859 ju-

300 3881 422 3940 vamen,
446 3883 504 3947 pro
543 3861 655 3947 quibus
669 3862 807 3941 ,offertur
828 3865 1000 3927 obsecratio
1020 3865 1114 3923 sancti
1139 3861 1218 3922 illius
1238 3875 1269 3922 et
1288 3874 1354 3921 tre-

267 3945 416 4023 mendi,
440 3947 573 4029 quodiu
592 3946 680 4023 altari
698 3938 831 4033 po'itum
856 3961 919 4024 est,
941 3946 1089 4009 sacrificii.
1131 3945 1225 4023 Quod
1257 3966 1357 4005 exem·

295 4028 350 4112 -plo
365 4031 454 4095 vobis
475 4031 680 4092 demonstrare
697 3970 847 4095 volumus.
888 4030 958 4093 Scio
980 4034 1075 4108 enim,
1096 4031 1209 4091 multos
1234 4031 1354 4092 dicere:

238 4160 254 4193 ,
299 4113 383 4189 Quid
408 4116 496 4196 jurat
526 4114 652 4174 animam
666 4117 703 4177 ¹iu
720 4117 851 4200 peccatis
869 4136 903 4173 ex
921 4108 981 4175 hoc
1001 4115 1115 4177 mundo
1146 4114 1355 4195 decedentem,

297 4199 413 4303 etiami
441 4195 550 4279 iubeo
573 4195 723 4290 sacrificio
741 4200 854 4308 mentio
871 4195 954 4287 illius¹
973 4197 1053 4285 filati¹
1068 4188 1230 4283 ‚Adfatim
1258 4199 1353 4281 sijdrea
