2790 4792
333 234 869 360 neocaesareae
989 357 993 363 ,
1057 291 1133 369 14¹1

60 481 96 540 ln
122 475 212 537 nobis
235 487 290 552 est,
312 494 330 534 a
350 469 490 533 facultate
514 467 670 531 alterativa
691 469 968 551 sanguisefficitnr,
991 495 1132 559 praescr.

66 565 133 638 sim,
160 563 185 620 si
198 581 254 642 per
277 560 380 617 uinum
398 577 459 615 eam
480 555 609 636 accipiat
629 553 708 630 vim,
731 555 824 628 utin
849 556 979 617 calidum
1001 582 1132 623 conver-

67 659 162 708 tatur.
206 645 309 719 Quare
330 662 394 702 cum
417 640 517 700 divina
546 638 596 698 illa
618 656 691 696 caro
724 643 842 718 partem
866 644 959 719 etiam
989 642 1067 704 hanc
1088 645 1128 707 ad

67 752 99 790 se
121 727 345 790 sustentandam
364 725 530 808 acceperit,
552 722 638 780 Deus
663 731 777 797 autem,
800 724 854 802 qui
873 725 963 784 nobis
987 748 1018 787 se
1038 741 1302 811 pate-amun„

68 814 152 888 feeit,
175 811 288 871 idcirco
309 824 431 871 naturae
451 804 572 867 mortali
596 825 628 864 se
649 804 748 887 ipsum
773 807 984 886 conjunxerit,
1007 824 1042 872 ut
1063 808 1305 898 eamfflgtfflffiv·

68 898 283 976 conjunctione
300 916 352 956 sua
374 895 505 954 divinam
528 887 678 963 redderet,
700 888 771 948 ideo
792 892 909 950 cunetis
931 893 1126 958 credentibus
1136 872 1299 972 acolithi}

67 981 180 1064 gratiae
201 980 422 1062 dispensatione
439 997 470 1036 se
485 976 584 1055 ipsum
609 973 745 1054 impertit
764 994 819 1057 per
832 993 961 1051 caruem,
985 999 1063 1059 quae
1092 964 1216 1044 εει-ἵζω
1236 959 1300 1001 ⁰⁵¹*

66 1066 136 1124 rino
157 1075 187 1123 et
213 1085 289 1146 pane
318 1061 537 1132 constituitur,
567 1053 766 1138 fideliumque
791 1059 930 1140 corporis
962 1054 1294 1146 conjungi-„ff‘ssssn‘g

66 1161 126 1225 tur,
146 1159 183 1207 ut
200 1169 234 1208 ca
251 1148 475 1229 conjunctione
494 1160 563 1199 eum
581 1139 754 1215 immortali,
773 1138 868 1202 homo
892 1143 978 1202 etiam
1000 1146 1305 1207 immor-benedicunt·

66 1232 186 1292 talitatis
215 1234 369 1315 particeps
389 1227 454 1289 fiat.
496 1225 579 1283 Haec
597 1233 695 1284 antem
714 1224 826 1293 tribuit
847 1225 960 1286 virtute
981 1204 1245 1290 benedic-mm

66 1317 167 1392 tionis,
189 1317 219 1375 in
234 1315 324 1388 illud,
347 1331 452 1372 rerum
487 1327 563 1387 quae
585 1307 736 1383 ridentur,
762 1319 900 1368 naturam
919 1322 1046 1372 mutans.

146 1412 177 1475 5.
220 1391 493 1458 GUlTMUNDUS
515 1388 648 1473 archiep.
671 1389 816 1454 Aversan.
834 1392 867 1451 L.
890 1392 945 1452 ΙΙΙ.
965 1394 1003 1455 de
1024 1394 1133 1456 Sacra·

66 1495 167 1551 mento
193 1479 406 1541 Eucharistiae
437 1475 579 1536 adversus
609 1474 845 1557 Berengarium,
878 1492 947 1536 cum
971 1478 1136 1542 refutasset

65 1587 176 1627 eorum
199 1563 387 1634 sententiam,
408 1560 461 1639 qui
485 1569 595 1641 negant
615 1560 771 1618 veritatem
787 1561 924 1641 corporis
945 1573 975 1621 et
1007 1564 1133 1646 sangui·

62 1651 109 1709 nis
134 1647 251 1706 Christi
275 1645 306 1702 in
322 1640 523 1717 Eucharistia,
544 1643 586 1701 sic
607 1643 661 1702 ait:
692 1641 774 1702 Haec
795 1645 913 1702 interim
934 1658 1043 1707 eontra
1064 1668 1132 1708 um·

62 1731 206 1792 braticos
229 1727 390 1787 dictasint.
431 1727 519 1787 Nunc
536 1737 639 1786 contra
656 1724 727 1787 illos
747 1725 885 1787 habenda
897 1741 943 1788 est
963 1738 1053 1807 ratio,
1074 1733 1127 1812 qui
1138 1741 1270 1833 tremefactae

62 1813 222 1875 Ecclesiae
241 1809 410 1871 rationibus
429 1812 601 1955 eexlppfioati,
612 1811 675 1890 jam
691 1789 814 1893 quidem
833 1832 942 1896 negare
959 1828 1124 1896 nequeunt.
1167 1799 1301 1883 ligiuiill

62 1897 265 1959 substantiam
280 1897 420 1976 corporis
528 1893 591 1952 STl
607 1893 792 1957 ciboinesse
812 1894 993 1960 Dominicoz
1013 1919 1123 1981 panem
1134 1891 1277 1992 ,gss'gssljlh

62 1994 163 2043 umen
190 1991 222 2038 et
248 1981 350 2038 vinum
377 1999 432 2060 per
457 1977 548 2038 verba
576 1976 760 2056 salvatoris,
787 1980 818 2039 iu
849 1984 978 2041 carnem'
993 1984 1059 2063 ejus
1091 1990 1280 2045 censentanea·

65 2067 237 2149 sanguinem
259 2064 336 2122 verti
357 2082 545 2144 nequaquam
562 2063 726 2138 credentes,
746 2046 801 2123 sed
822 2063 1025 2126 CHRISTUM
1049 2071 1122 2150 pani
1134 2038 1184 2129 iiii
1186 2038 1302 2146 iiiiii-‘s-

66 2163 95 2211 et
115 2153 188 2211 vino
213 2148 449 2228 commiscentes,
477 2157 620 2228 tanquam
650 2146 805 2207 subtiliori
833 2151 951 2210 ratione
976 2140 1277 2240 haer-esimtltsstffffl

65 2234 190 2294 alteram
210 2232 423 2292 condiderunt.
467 2232 555 2307 Quos
579 2230 702 2311 quidem
723 2230 799 2291 alios
826 2229 915 2307 dico,
943 2234 1032 2312 quasi
1063 2234 1127 2295 alio

20 2358 23 2363 ,
64 2337 172 2377 errore
194 2315 347 2376 detentos:
388 2314 464 2375 Nam
487 2314 560 2374 alias
590 2314 671 2372 idem
688 2325 768 2373 sunt.
809 2312 893 2372 Nam·
906 2317 1040 2395 primum
1058 2318 1132 2398 qui-

67 2403 148 2476 dem,
176 2401 257 2482 apud
284 2411 526 2481 quospossnnt,
551 2409 824 2479 quantumcunque
844 2407 984 2478 possunt,
997 2397 1075 2469 nihil
1093 2397 1132 2460 de

66 2505 200 2568 corpore
221 2496 251 2545 et
276 2485 418 2566 sanguine
446 2481 573 2543 Domini
604 2477 844 2539 substantialiter
867 2482 1059 2541 sacramentis
1081 2483 1132 2542 in-

65 2591 129 2629 esse
155 2566 360 2628 contendunt:
403 2566 464 2624 Sed
495 2563 567 2623 inde
590 2565 636 2638 (ut
665 2560 807 2642 diximus)
836 2562 939 2645 pulsi,
964 2566 1131 2649 confugere

65 2654 185 2714 malunt
223 2652 273 2711 ad,
291 2650 370 2709 hanc
403 2651 607 2728 impietatem,
640 2666 730 2725 quam
760 2648 904 2706 sinceram
937 2658 1039 2710 tenere
1060 2671 1130 2710 cum

66 2738 133 2798 aliis
159 2733 335 2795 hominibus
357 2731 513 2790 humiliter
541 2730 707 2790 veritatem.
749 2729 791 2790 Et
822 2752 925 2792 eornm
957 2734 1131 2795 rationibus

68 2820 251 2882 confutatis:
274 2818 483 2896 Quapropter,
505 2815 617 2893 inquit,
634 2818 700 2873 culn
718 2826 748 2874 et
767 2815 841 2891 istae
859 2837 964 2878 causae
985 2810 1060 2878 nihil
1078 2840 1131 2878 va-

69 2905 162 2979 leant,
185 2921 242 2959 nec
262 2899 331 2958 alias
352 2900 409 2978 ipsi
432 2897 578 2957 afferant:
600 2919 687 2978 ¹quae
707 2900 820 2959 insania
848 2912 913 2977 est,
935 2913 971 2960 ut
996 2903 1131 2962 CHRIS-

67 2988 178 3060 TUM,
201 2995 236 3041 ut
256 2984 297 3041 ita
320 2981 453 3055 dixerim,
475 2984 731 3042 sua‘auctoritat'e
750 2985 903 3067 impanent
924 2996 955 3044 et
974 2983 1132 3053 invinent?
1208 2983 1210 2987 ’

67 3072 107 3135 Et
133 3065 261 3152 quidem
287 3063 489 3126 CHRISTUM
509 3067 660 3126 incarnari
676 3065 825 3128 humanae
844 3067 1063 3149 redemptionis
1080 3087 1132 3127 ra·

67 3159 112 3218 tio
139 3146 335 3233 exposcebat,
357 3148 441 3229 quod
465 3149 602 3209 faturum
619 3149 791 3234 Prophetae
808 3151 1043 3232 praedixerunt,
1066 3149 1152 3209 fac-¹
1190 3153 1254 3194 Μή
1268 3152 1305 3192 ⁹⁶¹

1140 3201 1304 3245 invinarillbri·

68 3252 132 3301 tum
161 3232 355 3295 CHRISTUS
377 3232 525 3308 ostendit,
546 3231 688 3315 Apostoli
706 3235 978 3316 praedicaverunt,
999 3233 1128 3295 mundus
1141 3261 1208 3299 stum,
1225 3263 1292 3311 qun

68 3319 210 3384 credidit.
250 3317 291 3376 At
309 3318 454 3400 impanari
478 3315 525 3376 vel
547 3318 671 3376 invinari
695 3317 911 3391 CHRISTUM,
937 3317 1020 3377 nulla
1039 3298 1303 3394 (sicut¹¹'⁸¹¹⁸³¹”‘²²'

69 3401 272 3480 ostendimus)
294 3403 407 3484 expetit
424 3402 514 3477 ratio,
546 3421 602 3459 nec
624 3401 795 3484 Prophetae
825 3400 1052 3483 praedixerunt,
1075 3421 1132 3462 nec

70 3484 266 3552 CHRISTUS
289 3485 431 3561 ostendit,
453 3506 509 3544 nec
527 3482 668 3565 Apostoli
685 3486 946 3567 praedicaverunt,
967 3504 1023 3545 nec
1043 3479 1134 3545 mun'·

71 3575 138 3651 dns,
161 3573 294 3650 exceptis
316 3568 363 3628 his
387 3569 574 3651 paucissimis
596 3564 763 3645 haereticis,
786 3568 924 3630 credidit.
967 3569 1056 3630 Unde'
1075 3570 1153 3652 igi»,

70 3671 121 3719 tur
143 3674 196 3715 eos
219 3653 314 3727 malus
338 3674 424 3713 error
447 3655 503 3714 iste
524 3649 678 3735 pervasit?
718 3654 814 3714 Totus
832 3652 962 3713 mundus
984 3655 1134 3714 concinite
1167 3666 1191 3718 ’,
1245 3720 1251 3730 ,

72 3741 159 3801 Sicut
176 3738 274 3798 anima
298 3735 450 3797 rationalis
472 3748 501 3796 et
523 3755 594 3795 caro
616 3754 695 3793 unus
724 3746 768 3795 est
787 3732 900 3813 home,
929 3738 972 3800 ita
991 3737 1074 3798 Deus
1105 3746 1136 3797 et
1298 3732 1302 3739 ’

74 3821 264 3885 bomounus
285 3833 328 3880 est
348 3821 550 3882 CHRISTUS.
595 3820 690 3880 Nemo
719 3818 820 3879 dicere
843 3819 952 3879 audete
985 3822 1026 3882 ita
1051 3821 1136 3880 Deus

78 3919 110 3965 et
126 3906 230 3982 bomo,
253 3913 282 3962 et
300 3907 386 3988 panis
415 3918 446 3966 et
473 3906 591 3980 vinum,
623 3922 703 3960 unus
733 3916 777 3964 est
806 3902 1007 3964 CHRISTUS:
1049 3903 1137 3964 Unde
1179 3903 1182 3910 ’

77 3991 171 4070 igitur
190 3991 258 4050 istis
291 3988 366 4051 haec
386 4008 464 4050 nora
495 3984 707 4071 companatio?
748 3987 867 4047 Deinde
896 3987 1054 4070 productis
1075 3987 1139 4048 Pa·
1150 3983 1310 4046 Gohrt³⁸⁸³⁰·

10 4146 16 4153 ,
80 4085 165 4135 trum
183 4073 366 4138 testimoniis
388 4072 426 4137 de
448 4074 647 4137 conversione
666 4072 754 4155 panis
772 4073 802 4134 in
820 4072 945 4156 corpus,
966 4073 1078 4135 etvini
1107 4073 1140 4133 in
1203 4116 1205 4121 ⁴

855 4188 945 4260 ⁴10*
