2782 4786
251 296 329 418 ma
459 312 1076 413 ⁴DEsAcRAMENTO

333 529 387 590 He
400 530 453 591 br.
474 529 577 591 xm:
610 529 671 590 Per
683 530 792 611 ipsum
813 551 887 614 ergo
910 531 1070 605 offeramus
1086 527 1229 598 Irostiam
1250 538 1311 602 lau·

248 638 295 697 dis
325 659 444 721 semper
476 640 565 699 Deo:
601 638 719 714 idest,
757 638 892 720 fructum
920 639 1075 700 labiorum
1104 645 1311 712 confitentium

246 749 363 806 nomini
394 747 471 834 ejus.
530 743 751 817 Beneficentiae
777 757 876 805 autem
916 759 947 806 ct
974 753 1199 814 communionis
1225 758 1311 820 nolite

247 853 409 913 oblivisci:
432 853 546 915 talibus
574 855 653 914 enim
669 852 794 931 'hostiis
814 867 1008 937 promeretur
1028 857 1124 917 Deus.

329 984 353 1042 I.
370 956 549 1044 Timoth.
572 982 626 1044 V.:
650 984 712 1059 Qui
733 983 813 1044 bene
834 997 979 1068 praesunt
1001 997 1056 1044 etc.
1063 1002 1132 1063 ,ut
1153 995 1185 1052 in
1205 1005 1294 1058 textu

329 1092 380 1150 Et
404 1113 468 1174 cap.
490 1091 550 1150 II.:
570 1081 719 1150 Mulier
712 1111 743 1149 ιιι
780 1092 902 1153 silentio
925 1094 1020 1153 discat
1042 1119 1112 1157 cum
1135 1105 1221 1163 omni
1243 1109 1309 1167 suh-

244 1204 388 1282 jectione.
431 1182 552 1258 Docere
574 1209 673 1256 autem
695 1195 816 1256 mulieri
844 1220 905 1258 non
926 1203 1097 1283 permitto,
1132 1228 1237 1291 neque
1259 1213 1310 1275 do.

244 1312 352 1371 minari
374 1309 543 1382 invirum,
574 1304 714 1365 sed'esse
736 1306 767 1363 in
789 1293 920 1385 silentii).

329 1439 353 1498 I.
387 1435 581 1498 Corinth.
614 1428 716 1496 xlv.':
749 1433 892 1494 Mulieres
926 1438 959 1496 in
992 1437 1139 1504 Ecclesiis
1175 1458 1308 1512 taceant:

246 1548 317 1608 Non
339 1548 417 1604 enim
442 1543 637 1626 permittitur
661 1543 704 1601 eis
726 1541 834 1622 loqui,
867 1530 921 1603 'sed
956 1544 1094 1608 subditas
1124 1571 1207 1631 esse,
1224 1562 1310 1620 'sicut

214 1667 277 1719 yet
304 1644 354 1719 ,leu
387 1651 473 1721 dicit
536 1649 570 1708 si
600 1647 676 1728 quid
709 1660 807 1707 autem
829 1648 936 1709 volunt
958 1653 1093 1732 discere,
1128 1659 1309 1734 domiviros
1340 1690 1342 1704 ¹

246 1782 318 1821 suos
338 1766 537 1838 interrogent.
581 1756 686 1836 Turpe
707 1766 752 1815 ost
773 1757 851 1816 enim
872 1758 1010 1836 mulieri,
1038 1761 1158 1843 loqui
1150 1789 1182 1826 ιιι
1204 1770 1342 1834 Εοιιιι·1

245 1871 298 1928 sia
349 1865 453 1988 Ant
433 1883 457 1923 a
476 1861 564 1933 tobis
586 1860 716 1921 verbum
744 1863 805 1926 Dei
827 1868 995 1946 processit?
1016 1882 1069 1977 aut
1084 1873 1127 1930 in
1148 1895 1203 1936 vos
1226 1879 1308 1942 solos

244 1949 403 2034 pervenit.
538 1946 544 1965 ⁸

259 2110 266 2126 ,
329 2055 437 2114 Joan.
458 2048 518 2108 Χ..
560 2047 629 2132 Ego
650 2069 716 2110 sum
736 2063 844 2134 pastor
863 2054 983 2114 honus:
1003 2054 1097 2118 Bonus
1117 2030 1325 2143 pestorani·
1340 2062 1342 2081 ⁵

246 2183 325 2222 mam
346 2181 429 2219 suam
451 2157 504 2245 dat
523 2177 582 2239 pro
604 2155 712 2223 orthos
734 2158 806 2215 suis.
849 2158 890 2218 Et
911 2160 984 2221 alias
1004 2184 1067 2224 oves
1085 2164 1199 2246 habeo,
1224 2195 1302 2254 quae

244 2290 309 2328 non
330 2276 400 2326 sunt
421 2285 455 2325 cx
476 2263 538 2324 hoc
560 2260 646 2323 ovili:
669 2276 698 2322 et
720 2256 786 2323 illas
808 2277 929 2345 oportet
946 2288 995 2329 me
1014 2269 1173 2351 adducere,
1196 2290 1227 2337 et
1255 2301 1298 2340 ro·

164 2351 166 2355 ¹
243 2392 323 2436 cem
330 2393 426 2432 meam
448 2369 588 2448 audient,
616 2380 646 2428 et
669 2366 723 2428 fiet
742 2391 837 2430 unum
858 2374 936 2433 ovile
959 2389 989 2435 et
1011 2397 1090 2437 unus
1112 2394 1227 2464 pastor.

326 2480 439 2565 Ioan.
464 2474 567 2535 XXI..
596 2476 693 2539 Pasce
715 2493 809 2560 agnos
831 2501 924 2541 meos
967 2480 1063 2545 Pasce
1086 2508 1156 2547 ores
1178 2512 1268 2556 meas.
1340 2542 1342 2565 ,

327 2586 351 2646 Ι.
367 2560 479 2646 Ρειι.
502 2578 563 2643 V.:
606 2564 746 2660 Pascite,
773 2572 876 2667 quiin
905 2587 991 2648 vobis
1016 2605 1070 2669 est,
1095 2616 1216 2678 gregem
1240 2601 1298 2675 Dei,
1340 2664 1342 2697 Ι

241 2705 297 2754 ete
340 2680 472 2750 Etcum
479 2684 669 2770 apparuerit
686 2687 828 2801 princeps
849 2690 1027 2775 pastorum,
1049 2705 1228 2786 percipietis
1251 2709 1301 2766 im·

239 2797 476 2861 marcescibilem
496 2795 608 2878 gloriae
631 2792 786 2856 coronam.

321 2903 346 2965 Ι.
367 2903 447 2964 Pet.
473 2902 530 2963 ΙΙ.ι
556 2890 712 2984 Subjecti
744 2915 838 2965 estote
862 2905 942 2967 omni
971 2902 1132 2973 humanae
1157 2929 1302 2978 creaturae
1340 2926 1342 2993 ῗ

239 3024 368 3118 propter
396 3008 526 3086 Deum,
542 3007 603 3069 sive
632 3010 697 3108 regi
718 3009 804 3092 quasi
832 3011 1049 3101 praecellenti,
1086 3021 1150 3081 site
1183 3023 1299 3085 ducibus
1340 3014 1342 3027 ¹

238 3132 388 3202 tanquam
411 3115 449 3176 ab
473 3138 511 3177 eo
537 3114 643 3205 mIssiS,
658 3128 714 3175 etc.
758 3115 869 3177 Omnes
892 3117 1058 3211 honorate,
1088 3126 1299 3193 fraternitatem
1340 3142 1342 3147 '

191 3256 193 3261 ·
239 3224 390 3337 diligite,
385 3206 447 3286 etc.
488 3219 594 3299 servi,
635 3221 751 3283 subditi
727 3225 873 3286 testote
901 3222 931 3287 in
955 3234 1036 3290 omni
1057 3228 1174 3297 timore
1205 3242 1302 3300 Domi·
1339 3235 1342 3303 ff

239 3339 294 3412 nis,
316 3331 379 3417 ιιοιι
400 3344 517 3392 tantum
540 3331 643 3392 bonis
651 3330 681 3389 e't
704 3306 857 3408 modestis,
881 3335 935 3394 sed
958 3340 1047 3397 etiam
1081 3332 1228 3416 dyscolis.
1267 3346 1301 3406 Et
1340 3334 1342 3377 ἶ

222 3420 441 3528 postpauca:
479 3434 579 3498 Eratis
601 3436 697 3509 enim
706 3435 785 3524 sicut
807 3459 878 3499 oves
903 3456 1055 3518 errantes,
1086 3449 1145 3508 sed
1172 3455 1299 3512 conversi
1340 3450 1342 3461 ¹

139 3610 142 3615 ,
239 3553 310 3644 estis
331 3567 411 3637 nunc
441 3544 480 3605 ad
509 3554 666 3633 pastorem
681 3556 719 3603 et
742 3545 918 3628 episcopum
939 3551 1107 3615 animarum
1129 3570 1298 3621 uestrarum.

320 3655 439 3748 Hehr.
454 3648 557 3744 XIII:
601 3623 733 3729 Obedite
747 3655 935 3746 praepositis
954 3661 1114 3736 vestris,e
1090 3654 1299 3747 etsubjacete

219 3767 289 3857 Ιεις
332 3732 418 3853 Ipsi
417 3761 493 3819 enim
510 3724 699 3851 peruigilem
713 3761 799 3838 quasi
821 3765 968 3822 rationem
991 3771 1067 3854 pro
1057 3765 1230 3834 animabus
1248 3792 1294 3830 ve-
1340 3854 1342 3867 Ι

237 3872 308 3931 stris
332 3867 503 3926 reddituri:
505 3877 560 3949 ut
582 3866 666 3932 c'um
675 3864 787 3959 gaudio
809 3866 869 3928 hoc
893 3868 1014 3960 faciant,
1042 3885 1073 3935 et
1099 3897 1172 3942 non
1184 3900 1296 3967 gemen-
1335 3870 1342 3953 ‚¹

212 3988 301 4047 ,ιιι
316 3976 397 4067 IIoc
417 3977 494 4051 enirn
513 3993 576 4034 non
602 3971 763 4063 expedit
741 3973 841 4067 vohis.
837 4014 944 4068 .¹.{
940 4038 943 4045 ,
1164 4020 1186 4035 .-

287 4048 445 4161 Itoni„
438 4060 551 4176 XIII.
595 4079 733 4176 QprniQ
720 4083 819 4155 auima
837 4092 975 4177 potesta
959 4038 1042 4153 tillus
1066 4087 1292 4159 sublimioribus

234 4178 374 4249 subdita
379 4190 452 4269 sit„-
479 4164 553 4273 ΙΙιιιι
570 4198 621 4279 est
636 4185 730 4283 sulp}
728 4197 874 4291 idi-⁸³³⁸
894 4192 965 4263 niti,
962 4213 991 4282 a
1008 4194 1098 4284 Deo,
1126 4203 1234 4283 Quae
1248 4223 1292 4267 tu
