2790 4792
328 331 958 439 <renaseuntur
996 344 1003 355 ’
1021 335 1166 440 ἰιι
1240 333 1241 336 ‘

192 545 359 608 Hierem.
379 541 498 604 me
539 541 622 603 mee
645 535 733 656 dicit
751 538 919 609 Dominus:
960 499 1170 626 Fecitejudi

110 653 195 715 cium
213 665 244 714 et
261 652 423 735 justitiam,
439 658 497 710 etu'
550 702 553 707 .
590 674 592 679 ¹
645 699 647 706 ,

196 759 236 822 11
264 759 345 821 Cor.
376 755 467 847 YILt
516 751 608 814 Nune
637 749 772 834 gaudeo:
803 770 869 812 non
897 752 971 833 quia
998 751 1168 815 contristati

113 866 196 943 estis,
217 865 270 925 sed
295 863 367 946 quia
384 859 555 923 contristati
581 859 651 918 estis
671 855 709 917 ad
728 858 954 940 poenitentiam.
995 836 1170 923 Contristati

113 973 192 1032 enim
213 971 289 1033 estis.
303 966 473 1033 seeundum
494 965 603 1040 Deum,
629 965 719 1024 utin
745 963 839 1025 nullo
853 960 1070 1025 detrimentum
1089 965 1171 1048 pati-
1263 1033 1266 1036 ,
1309 1022 1313 1035 ,

110 1078 200 1138 amini
220 1095 254 1138 ex
280 1073 381 1137 uobis.
425 1072 512 1146 Quae
526 1072 612 1133 'enim
625 1068 800 1131 seeundum
836 1072 937 1131 Deum
961 1071 1085 1132 tristitia
1115 1081 1170 1148 est,

105 1184 325 1266 poenitentium
342 1184 381 1247 in·-
394 1177 529 1240 salutem.
538 1175 677 1239 stabilem
692 1191 863 1261 operatum
876 1177 972 1238 seculi
987 1188 1084 1237 autem
1098 1178 1171 1236 tris·
1273 1181 1277 1207 '

101 1287 172 1350 titia
185 1301 323 1351 mortem
351 1295 506 1369 operatur.
529 1282 629 1344 'Eece
651 1284 730 1344 enim
760 1282 823 1347 hoe
854 1287 974 1368 ipsum,
1002 1281 1169 1344 seeundum

82 1434 85 1439 -
102 1395 217 1476 Deum:
227 1372 404 1456 contristari
423 1374 499 1467 ros,
520 1396 664 1472 quantam
689 1392 722 1449 in
748 1391 837 1451 vobis
861 1401 1005 1474 operatur
1028 1389 1169 1450 solicitu-

103 1499 225 1562 dinem:
249 1500 304 1560 sed
333 1497 551 1571 defensionemg
571 1496 636 1559 ‘sed
662 1495 916 1579 indignationem,
937 1496 990 1557 sed
1017 1493 1170 1580 timorem,

102 1606 160 1667 sed
185 1605 390 1681 desideriumj
412 1601 466 1670 sed
490 1603 733 1680 aemulationem,
764 1604 819 1668 sed
841 1595 1025 1684 uindictame.
1042 1606 1075 1668 in
1102 1624 1171 1675 om-

48 1699 56 1716 ’
103 1711 198 1771 nibus
220 1708 477 1785 exhibuistisuoa,
500 1712 755 1772 incontaminatos
778 1730 841 1772 esse
858 1706 1007 1794 negotiu·

79 1860 83 1866 -
191 1813 330 1877 Psalm.
349 1817 399 1880 Le:
440 1817 585 1878 Miserere
604 1817 663 1875 mei
671 1817 759 1876 ,Deus
776 1796 1098 1899 <seeundummagnam
1110 1818 1171 1878 mi-

102 1921 300 1990 sericordiam
320 1933 411 1986 tuam.
453 1922 495 1984 Et
515 1923 681 1984 seeundum
701 1923 924 1985 multitudinem
944 1925 1170 1988 miserationum
1226 1945 1229 1955 ¹
1272 1936 1275 1942 '

100 2040 227 2088 tuarum
250 2028 318 2095 dele
346 2029 538 2109 iniquitatem
567 2038 672 2090 meam.
714 2020 851 2112 Amplius
875 2028 944 2094 lava
965 2050 1012 2090 me
1042 2029 1081 2091 ab
1108 2032 1170 2092 ini·

101 2137 219 2216 quitate
238 2154 322 2212 mea,
355 2145 384 2194 et
407 2148 570 2211 aipecceto
592 2155 659 2196 meo
684 2120 798 2198 munda
820 2157 878 2196 me.
930 2137 1085 2211 Quoniam
1106 2138 1168 2199 ini·-

84 2243 250 2324 .quitatem
272 2261 370 2303 meam
392 2260 448 2324 ego
475 2261 646 2324 cognoscor
682 2244 721 2303 et*
737 2253 897 2324 peecatum
928 2261 1028 2300 meum
1059 2255 1169 2306 contre

103 2370 152 2410 me
174 2360 218 2410 est
240 2369 371 2431 semper.
411 2347 481 2411 Tibi
497 2347 555 2411 soli
572 2348 707 2429 peceavi,
730 2358 761 2406 et
780 2347 892 2406 malum
916 2366 1017 2406 eoram
1039 2357 1072 2407 te
1089 2346 1167 2407 feeit

101 2464 138 2514 ιιι
154 2453 358 2536 justificeris
348 2475 383 2516 ιιι
408 2451 603 2514 sermonibus
632 2451 715 2527 tuis,
751 2462 783 2512 et
809 2451 921 2528 uineas,
942 2470 1012 2512 eum
1044 2449 1177 2533 judiea-

85 2562 154 2642 ιιι,
177 2573 269 2625 eto.
857 2571 877 2611 -ἓ

166 2640 276 2729 Luc
298 2667 369 2726 ΙΧι
411 2663 543 2725 Dicebat
573 2628 673 2727 autem
707 2662 764 2724 ad
778 2683 896 2726 omnesr
937 2663 972 2727 Si
1002 2664 1072 2747 quie
1100 2661 1168 2726 vuit

67 2754 89 2796 '⁵
97 2784 173 2858 post
192 2794 239 2833 me
261 2774 373 2848 venire,
395 2771 552 2855 abneget
545 2773 768 2856 semetipsum,
787 2783 820 2836 et
829 2770 920 2834 tollat
935 2790 1064 2872 erucem
1081 2790 1167 2836 suam

98 2877 258 2974 quotidie,
278 2889 309 2938 et
332 2890 479 2958 sequatur
492 2898 548 2939 me.
592 2924 622 2953 ·.

185 3003 328 3069 Mettis.
359 3005 468 3072 ΧἯι
509 3007 542 3069 Si
559 3009 631 3090 quis
651 3007 718 3068 vult
741 3021 814 3092 post
835 3028 884 3068 me
905 3007 1015 3084 venire,
1035 3003 1166 3089 abneget

100 3111 325 3208 semetipsum,
345 3124 377 3172 et
400 3113 489 3175 tollat
509 3124 634 3181 erucem.
653 3136 757 3193 suam,
780 3128 812 3178 et
842 3125 988 3196 sequatur
1003 3133 1060 3173 me.
1090 3147 1093 3156 ι

185 3239 289 3299 Rom·
308 3237 381 3303 VI.=
424 3241 486 3316 Qui
503 3245 715 3309 euim'mortui
739 3263 843 3304 sumus
862 3251 989 3324 peceato
1001 3285 1012 3320 ,
1034 3260 1164 3326 quomo-
1194 3233 1206 3284 .'

91 3346 145 3407 ‚do
167 3345 268 3406 adhue
294 3348 427 3419 vivemus
445 3350 484 3409 in
505 3350 580 3411 illo?
619 3351 663 3410 Et
685 3350 778 3434 paulo
806 3359 895 3431 posta
937 3349 1039 3412 Vetus
1070 3347 1164 3407 homo

98 3466 208 3516 noster
229 3448 318 3514 simul
339 3453 502 3517 crucifixus
524 3468 577 3534 est,
598 3469 632 3518 ut
654 3453 829 3519 destruatur
848 3476 959 3540 eorpus
981 3440 1110 3539 peccati,
1130 3465 1166 3514 ut

99 3558 183 3622 ultra
197 3583 262 3622 non
287 3564 450 3622 serviamus
471 3562 607 3646 peccato.
651 3565 716 3642 Qui
739 3567 817 3625 enim
838 3577 979 3626 mortuus
997 3573 1051 3639 est,
1072 3561 1165 3643 justi·
1197 3605 1202 3609 -

91 3666 207 3738 ‚ficatus
229 3681 274 3730 est
296 3682 470 3752 apeocato.

95 3844 99 3853 .
181 3797 339 3881 Ephes.
361 3796 438 3860 Iit:
465 3798 619 3881 Deponite
645 3816 700 3859 vos
721 3797 890 3860 secundum
906 3799 1066 3881 pristinam
1090 3815 1165 3855 eon-

95 3907 298 3993 gersationem
311 3919 449 3983 ¹veterem
474 3906 648 3983 hominem,
681 3908 737 3987 qui
768 3885 980 3987 corrumpitur
1000 3901 1165 3964 secundum

98 4009 251 4081 desideria
269 4015 393 4074 erroris.
414 4012 633 4075 Renovamini
653 4024 753 4073 autem
773 4012 900 4096 spiritus
917 4011 1024 4070 mentis
1038 4020 1163 4070 vestrm:

98 4125 130 4176 et
149 4117 269 4181 induite
295 4106 409 4192 norum
439 4118 610 4198 hominem,
640 4120 696 4203 qui
726 4117 892 4182 secumdum
917 4118 1017 4238 Deum
1046 4128 1165 4179 creatas

63 4248 75 4288 ¹.
93 4235 142 4286 est
164 4235 246 4285 etc..
