2790 4792
236 304 316 377 104
475 297 555 360 nu
595 292 1056 360 sacaanuuro

56 466 127 563 ¹ana.
138 512 230 557 naeu.
241 504 361 546 carnem
379 505 447 550 cum
469 481 524 547 illo
541 503 623 559 esse,
644 483 678 544 id
697 480 839 566 profecto
853 488 1083 566 pernegamus,
1104 475 1200 559 idque
1218 498 1237 538 a
1261 476 1307 537 di-

68 572 319 654 },ffmffffimriuis
337 568 496 650 scripturis
520 568 644 628 omnino
667 567 799 628 alienum
817 566 956 628 dicimus.
1006 566 1084 642 Quis
1110 564 1190 622 enim
1215 561 1307 622 dubi-

70 663 155 702 uoom.
168 665 232 708 aas·
242 656 329 730 tavit,
350 653 504 713 Christum
522 653 611 712 etiam
631 653 676 713 sic
688 652 779 711 vitem
805 671 886 727 esse,
908 672 964 711 nos
984 671 1056 710 vero
1076 647 1235 729 palmites,
1252 647 1306 726 qni

73 711 210 806 iicw'w'
243 740 337 799 uitam
359 737 430 796 inde
456 736 545 797 nobis
564 735 771 816 acquirimus?
805 734 876 794 audi
889 735 1029 794 Paulum,
1042 731 1191 791 dicentem
1198 754 1213 788 ι.
1229 730 1306 806 Quia

246 840 349 884 omnes
382 841 476 879 unum
508 839 623 902 corpus
647 841 751 880 sumus
781 820 819 878 iu
847 817 980 879 Christo.
1036 817 1118 893 Quin
1144 816 1203 874 etai
1224 813 1304 875 multi

246 925 369 981 sumus,
392 924 489 963 unum
511 916 611 964 tamen
631 904 668 962 in.
686 925 722 964 eo
747 922 859 962 sumus.
902 903 1014 965 Omnes
1036 901 1115 960 enim
1146 919 1213 959 uno
1233 917 1305 982 pane

22 1060 24 1065 ,
246 991 471 1074 participamus.
513 986 719 1047 An·fortassis
740 998 830 1070 putat
850 985 1052 1063 (adversarius
1070 983 1304 1066 Christi).igno·

88 1100 158 1140 rm,
174 1109 224 1140 ora·
248 1087 309 1135 tam
330 1072 420 1134 nobis
442 1074 586 1148 mysticae
606 1071 826 1132 benedictionis
845 1072 988 1132 virtutem
1012 1067 1097 1129 esse?
1140 1067 1231 1144 Quae
1244 1086 1304 1127 cum

75 1161 126 1250 {¹22⁸
140 1148 238 1237 ,0⁰¹ng
250 1160 280 1217 in
303 1157 394 1216 nobis
421 1155 490 1233 fiat,
523 1175 625 1216 noune
648 1155 847 1238 corporaliter
862 1176 986 1237 quoque
1007 1153 1086 1220 l'acit
1105 1152 1305 1212 communica·

76 1251 230 1340 {¹32²th
249 1243 334 1303 tione
358 1242 457 1312 carnis
480 1239 612 1314 Christi,
641 1239 797 1300 Christum
818 1241 850 1299 iu
868 1238 959 1300 nobis
978 1235 1139 1299 habitaret
1161 1236 1303 1297 cuneuiu

74 1321 240 1394 timnssofsri
249 1325 383 1387 membra
404 1324 539 1386 fidelium
564 1322 700 1383 membra
733 1323 847 1383 Christi
869 1321 963 1384 sunt?
1010 1322 1159 1397 Nescitis,
1202 1320 1301 1401 iuquit,

251 1412 325 1493 quia
348 1408 484 1470 membra
508 1420 623 1483 vestra,
647 1406 782 1468 membra
805 1419 876 1467 sunt
895 1405 1027 1468 Christi?
1058 1403 1198 1464 membra
1220 1405 1301 1488 igitur

250 1493 388 1571 Christi,
408 1494 578 1555 meretricis
593 1492 702 1552 faciam
722 1490 880 1552 membra?
910 1490 1014 1552 absit.¹
1044 1488 1189 1548 Salvator
1208 1491 1301 1548 etima:

251 1579 316 1654 Qui
353 1579 517 1639 manducat
546 1597 667 1637 carnem
705 1598 823 1652 meam,
865 1576 928 1654 ait,
959 1587 990 1636 et
1025 1572 1104 1633 bibit
1137 1573 1302 1656 sanguinem
1348 1616 1350 1641 ,

250 1682 368 1738 meum,
403 1663 435 1721 in
465 1671 513 1720 nie
538 1672 638 1720 manet
666 1672 697 1720 et
715 1681 772 1744 ego
800 1663 833 1720 in
851 1681 898 1726 eo.
952 1659 1041 1733 Unde
1058 1657 1304 1717 considerandum
1348 1676 1350 1737 Ι

251 1755 314 1818 est,
338 1765 402 1804 nou
424 1742 604 1804 habitudine
629 1745 750 1816 solum,
773 1765 852 1825 quae
868 1765 926 1827 per
947 1745 1103 1803 caritatem
1124 1741 1304 1824 intelligitur,

80 1865 243 1918 nmmo,
253 1826 407 1887 Christum
430 1830 461 1886 in
480 1825 571 1886 nobis
597 1847 677 1903 esse,
709 1831 923 1888 verumetiam
955 1839 985 1888 et
1004 1827 1249 1909 participatione
1261 1844 1306 1882 ua·

79 1910 357 2007 fffiffittumli·
397 1910 474 1970 Nam
497 1909 752 1991 quemadmodum
773 1912 799 1970 si
818 1913 978 1995 quisigne
995 1911 1192 1992 liquefactam
1211 1928 1306 1982 ueram,
1348 1902 1350 1969 l

253 1994 329 2057 uhae
353 2014 442 2053 cerae
465 1993 604 2054 similiter
621 1994 800 2074 liquefactae
822 1997 865 2055 ita
882 1998 1054 2071 miscuerit,
1074 2006 1111 2053 ut
1125 2014 1225 2054 unum
1243 1989 1306 2074 quid

215 2151 217 2156 Ι
254 2097 289 2140 ex
312 2080 450 2176 utrisnpe
477 2078 592 2137 facum
617 2078 772 2137 videatur:
798 2079 848 2137 'sic
879 2080 1155 2138 communicatione
1176 2075 1305 2162 corporis

254 2172 286 2223 et
311 2163 468 2244 sanguinis
487 2159 603 2221 Christi
616 2163 682 2246 ipse
702 2163 732 2221 in
752 2159 842 2222 nobis
865 2175 925 2240 est,
948 2175 979 2223 et
996 2183 1053 2222 nos
1074 2164 1106 2220 in
1127 2163 1209 2245 ipso.
1249 2160 1306 2223 Nou

254 2256 378 2344 poterat
408 2246 488 2306 enim
504 2242 607 2305 'aliter
637 2242 848 2327 corruptibilis
880 2246 956 2307 haec
978 2260 1089 2306 natura
1113 2249 1259 2329 corporis
1277 2239 1309 2302 ad

254 2329 580 2413 incorruptibilitatem
614 2342 645 2391 et
681 2332 774 2389 vitam
804 2329 943 2406 traduci,
974 2332 1033 2390 nisi
1058 2331 1209 2391 naturalis
1244 2330 1311 2389 vitae

256 2433 371 2497 corpus
403 2415 432 2475 ei
466 2415 712 2496 conjungeretur.
760 2415 835 2476 Non.
857 2415 957 2474 credis
986 2413 1061 2476 mihi
1086 2413 1165 2474 haec
1189 2412 1312 2481 diccunt

256 2496 382 2558 Christo
405 2495 545 2573 (obsecro
570 2502 610 2576 te)
632 2497 724 2559 fidem
751 2497 872 2581 praebe.
913 2496 1031 2573 Amen,
1069 2519 1175 2574 amen,
1204 2486 1313 2578 -inqiait,

257 2581 331 2640 dico
348 2581 436 2640 vobis
446 2624 456 2657 ‚
476 2583 536 2642 nisi
553 2583 803 2644 manducaveritis
828 2603 948 2642 carnem
969 2580 1027 2642 filii
1044 2581 1203 2660 hominis,
1225 2590 1257 2643 et
1272 2581 1315 2641 bi-

257 2663 366 2725 beritis
388 2665 561 2746 sanguinem
585 2667 672 2747 ejus,
692 2686 755 2725 non
770 2663 923 2727 hahebitis
942 2669 1032 2725 vitam
1051 2668 1083 2726 in
1104 2666 1206 2728 vobis.
1261 2663 1314 2740 Qui

160 2788 163 2793 ·
257 2746 425 2810 manducat
456 2767 577 2807 carnem
610 2769 706 2809 meam
730 2761 761 2809 ct
780 2750 862 2811 bibit
880 2754 1054 2832 sanguinem
1076 2770 1177 2810 meum
1189 2795 1201 2827 ,
1231 2748 1315 2811 habet

257 2832 351 2891 vitam
382 2841 547 2906 aeternam,
579 2844 609 2892 et
634 2854 691 2915 ego
723 2833 878 2895 suscitabo
907 2856 976 2895 eum
1005 2837 1035 2893 in
1061 2837 1232 2896 novissimo
1265 2834 1315 2894 die·

257 2911 356 2975 Audis
377 2923 480 2994 aperte
497 2912 673 2976 clamantem
690 2936 753 2976 nou
773 2917 933 2978 habitmos
945 2921 1048 2995 vitam,
1067 2920 1126 2979 nisi
1145 2921 1318 3003 sangninem,

191 3010 193 3015 '
260 2997 328 3078 ejus
346 2996 529 3073 biberimus,
569 3010 600 3060 et
630 3017 751 3059 carnem
768 3001 1055 3063 manducaverimus.
1096 3003 1133 3062 ln
1155 3003 1248 3064 vobis
1265 3022 1315 3062 au-

258 3092 320 3141 tem
342 3081 415 3162 ipsis
435 3079 529 3157 dicit,
554 3081 651 3143 idest
674 3084 706 3143 in
728 3105 860 3167 corpore
880 3099 991 3147 restro.
1032 3085 1106 3146 Vita
1130 3099 1233 3149 autem
1252 3089 1316 3168 jura

257 3166 325 3248 ipsa
344 3167 424 3225 vitae
448 3184 522 3228 caro
541 3165 667 3249 intelligi
685 3178 804 3250 potesta
825 3166 900 3230 haec
922 3173 1001 3230 enim
1018 3192 1073 3230 nos
1099 3172 1130 3230 iu
1155 3173 1314 3235 novissimo

259 3249 310 3315 die
343 3250 476 3310 suscitat.
530 3249 572 3310 Et
606 3251 787 3332 quomodo,
821 3251 924 3314 dicere
950 3276 1013 3315 non
1033 3253 1196 3337 gravabor.
1235 3255 1314 3315 Caro

257 3334 337 3393 uitae
366 3333 445 3393 facta
462 3334 610 3416 unigeniti
635 3355 728 3412 caro,
762 3335 802 3396 ad
821 3338 963 3398 virtutem
995 3341 1073 3400 vitae
1094 3339 1240 3401 traducta
1258 3348 1313 3399 este

257 3436 323 3476 non
343 3427 446 3499 potest
473 3417 567 3500 igitur
584 3421 846 3502 mortesuperari.
887 3421 1054 3505 Propterea
1083 3424 1115 3481 in
1137 3424 1233 3485 nobis
1253 3421 1314 3483 fm-

258 3511 312 3574 ta,
333 3500 524 3560 interituma
549 3498 638 3563 nobis
666 3503 798 3585 expellit.
840 3504 909 3566 Non
922 3508 1008 3567 enim
1028 3505 1114 3567 abest
1129 3506 1170 3566 ab
1196 3530 1233 3569 ea
1247 3504 1314 3566 uui·

260 3582 380 3665 genitus
414 3583 473 3642 Dei
502 3582 591 3648 filius.
643 3586 730 3647 Unde
763 3590 835 3670 quia
864 3610 943 3650 uuus
968 3602 1103 3651 astrum
1128 3611 1224 3653 carne
1248 3605 1313 3652 suat

260 3685 336 3748 ego,
359 3667 476 3746 inquit,
497 3667 653 3755 suscitabo
677 3691 745 3732 eum
805 3673 870 3732 Cur
889 3675 985 3757 igitur
1005 3673 1174 3735 secundum
1196 3690 1313 3736 carnem

259 3748 398 3831 palmites
420 3769 477 3809 nos
495 3748 555 3810 dici
577 3754 744 3837 pernegat?
784 3755 833 3818 An
856 3777 920 3816 nou
937 3761 1153 3820 convenienter
1171 3758 1238 3820 dici
1261 3776 1316 3840 po·

261 3843 339 3910 test,
360 3836 453 3892 vitem
485 3832 702 3899 humanitatem
719 3842 786 3921 ejus
818 3861 900 3916 esse,
934 3853 966 3901 et
982 3863 1039 3902 uos
1063 3842 1203 3925 palmites
1223 3858 1314 3925 pmp·

209 3940 212 3947 ·
261 3926 311 3976 ter
329 3916 515 3978 identitatem
534 3921 686 3983 naturae?
707 3925 843 4005 ejusdem
863 3924 942 3984 euim
968 3940 1094 3989 naturae
1114 3927 1184 3986 ritis
1198 3937 1241 3987 ,et
1254 3920 1315 4008 pal*

262 4003 350 4060 mites
373 4005 453 4097 sunt
494 4003 541 4098 lta
563 4015 596 4065 et
615 4005 791 4090 spiritaliter
817 4017 848 4070 et
867 4011 1069 4095 corporaliter
1094 4014 1150 4072 nos
1171 4009 1316 4098 palmites,

263 4093 294 4143 et
318 4082 455 4146 Christus
476 4089 545 4148 vitis
567 4095 635 4155 est,
