2790 4792
245 328 327 413 8ss
476 322 1061 402 n--n-'sacnartnltuo

64 562 102 605 υ,
116 558 237 613 „mom
247 542 340 605 opera
359 540 420 606 pro
440 518 495 581 tali
515 516 615 598 liunt,
645 519 726 603 ‘quid
749 541 811 580 non
831 521 1004 604 poterunt?
1044 518 1117 582 Nou
1145 521 1263 585 frustra
1281 528 1314 588 ab

68 607 406 697 intitpgogg‘Apostolis
436 600 586 667 sancitam
620 615 681 679 est,
716 616 752 665 ut
779 607 811 664 in
839 605 1046 665 celebratione
1076 609 1314 671 venerandorum

67 673 213 766 ἷῑοοῃίιζῖηιιοἶ
228 681 459 767 'mysteriorum
479 689 623 749 memoria
643 686 697 748 fiat
709 711 823 767 eorum,
841 692 895 770 qui
915 689 987 749 hinc
999 688 1220 752 discesserunt.
1261 695 1315 754 No-

69 757 355 851 122‘,2¹,'{'ffi⁸{{ssfverunt
375 775 435 834 illis
454 774 581 832 multum
602 773 675 832 hinc
704 774 898 833 emolumenti
920 771 997 851 fieri,
1019 775 1154 836 multum
1176 777 1313 840 utilitatis.

249 861 352 920 Stante
372 859 523 939 siquidem
532 860 674 917 universo
692 859 821 941 populo,
833 878 940 918 manus
959 861 992 917 in
1009 859 1111 918 caelos
1130 861 1313 940 extendente,

248 956 340 1005 coetu
351 947 421 1004 item
441 942 634 1018 sacerdotali,
653 943 850 1024 serendoque
861 946 963 1025 posito
978 943 1143 1021 sacrificio,
1166 949 1315 1026 quomodo

246 1031 347 1090 Deum
367 1050 430 1087 nou
452 1027 644 1109 placaremus
664 1046 724 1108 pro
738 1030 801 1087 istis
824 1028 969 1087 orantes?
1009 1028 1129 1090 Verum
1148 1031 1235 1090 istud
1255 1036 1319 1114 qni·

248 1114 316 1173 dem
339 1113 376 1171 de
399 1112 457 1170 illis
479 1113 624 1186 dicimus,
650 1114 704 1191 qui
732 1115 762 1170 in
778 1111 839 1170 lide
855 1111 1074 1173 abcesserunt:
1119 1114 1319 1176 Catechume-

246 1220 304 1259 nos
325 1218 397 1257 vero
418 1217 519 1276 neque
540 1197 600 1254 isto
620 1195 728 1254 solatio
750 1196 920 1278 dignamur,
943 1196 996 1256 sed
1031 1201 1115 1258 omui
1144 1197 1319 1280 hujusmodi

247 1283 385 1343 destituti
407 1291 479 1340 sunt
496 1280 616 1355 auxilio,
645 1300 709 1339 uno
738 1280 873 1361 quodam
901 1282 1036 1363 dempto.
1080 1283 1234 1358 Quonam
1254 1286 1320 1345 illo?

247 1364 440 1449 Pauperibus
459 1363 585 1424 illorum
610 1364 733 1424 nomine
771 1365 843 1424 dare
859 1365 949 1440 licet,
976 1366 1058 1426 unde
1092 1367 1156 1428 illis
1185 1369 1321 1430 nonnihil

248 1452 400 1536 refrigerii
420 1448 547 1511 accedit.
590 1449 732 1510 Numito
752 1450 820 1509 vult
844 1451 939 1525 Deus,
960 1462 995 1510 ut
1013 1471 1071 1511 nos
1098 1453 1232 1513 invicem
1260 1474 1321 1515 mu·

248 1548 304 1597 tuo
329 1539 480 1619 juvemus.
690 1540 693 1547 '

331 1635 360 1688 2.
402 1619 510 1679 IDEM
532 1615 657 1678 homilia
671 1616 752 1677 XLI.
773 1618 805 1676 in
820 1618 844 1678 1.
858 1616 1017 1678 Corinth.=
1060 1616 1188 1680 Abierit
1211 1645 1318 1706 pecea-

248 1718 300 1766 tor
322 1724 401 1778 sane,
423 1701 558 1787 gaudere
579 1702 666 1762 decet
686 1713 811 1784 peccata
833 1703 977 1784 impedita
996 1721 1069 1777 esse,
1096 1715 1128 1763 et
1145 1725 1210 1767 non
1229 1729 1319 1768 accu-

250 1790 396 1849 mulatum
417 1787 545 1861 malum,
574 1788 695 1866 nitique
721 1799 867 1867 quantum
888 1785 956 1847 fieri
986 1798 1106 1868 potest,
1139 1801 1174 1849 nt
1189 1793 1321 1872 juretur,

251 1884 316 1932 non
337 1873 488 1947 lacrymis,
510 1869 564 1931 sed
585 1888 685 1952 prece,
707 1871 999 1952 supplicationibus,
1026 1869 1241 1952 eleemosynis,
1264 1877 1322 1938 ob-

71 1956 231 2043 renouant,
253 1954 431 2015 lotionibus.
484 1953 552 2013 Nou
578 1963 622 2012 est
644 1964 759 2012 temere
781 1954 844 2014 hoc
873 1958 1095 2038 excogitatum,
1122 1976 1179 2018 nec
1208 1960 1319 2023 frustra

72 2018 242 2114 hildibald
252 2039 426 2098 memoriam
448 2048 644 2095 mortuorum
668 2038 749 2094 inter
770 2058 857 2096 saera
876 2042 1020 2113 mysteria
1041 2039 1237 2118 celebramus,
1258 2056 1313 2104 ant

73 2103 150 2144 '²³⁴¹'
254 2122 433 2199 accedimus,
458 2141 518 2204 pro
541 2121 604 2179 istis
623 2139 733 2203 agnum
753 2120 837 2180 illum
850 2120 998 2202 jacentem
1022 2137 1052 2183 et
1073 2137 1187 2207 peccata
1205 2127 1310 2187 mundi

253 2206 412 2270 tollentem
433 2204 639 2290 deprecantes,
662 2201 717 2263 sed
735 2204 828 2265 uthis
849 2208 1017 2268 consolatio
1035 2208 1109 2269 hinc
1131 2208 1228 2292 aliqua
1249 2208 1314 2271 liat.

75 2277 218 2368 ffiffim
231 2333 240 2344 ν
253 2294 316 2356 Nec
335 2305 449 2352 temere
474 2292 528 2373 qui
548 2289 638 2351 altari
656 2287 770 2349 assistit
795 2302 851 2350 etc.
894 2290 975 2351 Vide
996 2293 1115 2375 reliqna
1136 2296 1168 2353 in
1185 2306 1321 2357 tractatu

76 2375 241 2477 qqefflptrgffp
252 2378 291 2441 de
316 2376 513 2438 Sacramento
534 2373 745 2449 eucharistiae,
768 2376 946 2456 quaestione
966 2379 1103 2459 septima,
1128 2379 1164 2438 L.
1190 2391 1220 2446 2.

73 2474 163 2549 uraris.
334 2498 364 2554 3,
406 2484 515 2564 IDEM
534 2480 661 2542 homilia
678 2493 728 2549 69.
751 2482 790 2542 ad
808 2484 959 2566 populum
984 2483 1213 2545 Antiochenam
1232 2472 1323 2547 habet

251 2569 366 2647 eadem,
381 2591 458 2652 quae
477 2566 572 2651 paulo
591 2576 661 2628 ante
681 2587 716 2626 ex
735 2563 861 2629 homilia
881 2569 972 2630 tertia
992 2570 1023 2626 in
1046 2569 1170 2652 epistol
1191 2569 1231 2631 ad
1251 2571 1324 2631 Phi-

252 2650 381 2738 lippens.
404 2653 493 2713 allata
516 2662 595 2710 sunt.

211 2750 215 2761 ·
334 2751 363 2805 4.
407 2729 691 2796 DAMASCENUM
712 2737 744 2795 in
756 2737 894 2796 oratioue
914 2735 952 2795 de
966 2735 1129 2815 defunctis,
1147 2740 1219 2816 sire,
1243 2737 1324 2821 quod

252 2822 350 2903 quiin
372 2819 433 2880 fide
455 2819 528 2878 hinc
549 2821 719 2902 migrarunt
742 2832 797 2880 etc.
820 2820 914 2881 habes
932 2823 964 2879 in
986 2821 1054 2881 Vll.
1079 2835 1201 2904 quaest.
1223 2822 1262 2883 de
1281 2843 1323 2882 se-

252 2916 407 2967 cramento
430 2903 639 2985 eucharistiae,
662 2906 694 2963 L
721 2915 750 2973 4.
794 2914 796 2923 ’

307 3003 364 3057 ,5.
383 3046 386 3055 ,
408 2986 674 3050 ATHANASIUM
706 2987 801 3049 hab'es
835 2986 969 3066 ibidem,
1004 3009 1021 3049 a
1051 2989 1248 3053 Damasceuo
1285 2991 1322 3051 ci-

252 3087 360 3137 tatum.
1145 3130 1150 3136 ,

73 3120 154 3243 ,cml
170 3203 187 3240 t.
198 3202 244 3243 ἆ..
338 3171 369 3227 6.
412 3145 651 3218 GREGORIUS
671 3156 835 3233 Nyssenus,
855 3165 932 3215 teste
952 3156 1142 3216 Damasceno
1169 3162 1201 3219 in
1228 3160 1321 3221 eaden

75 3216 242 3340 girrssffirl'i·
256 3245 416 3302 oratione:
458 3240 688 3323 Nihil,·inquit,
710 3242 826 3322 absque
848 3241 966 3299 ratione
991 3253 1021 3300 et
1042 3242 1177 3303 utilitate
1201 3266 1220 3305 a
1241 3264 1322 3329 prae-

79 3307 444 3400 pl'lallenilhffdioatoribus
467 3339 497 3386 et
517 3326 674 3411 discipulis
690 3325 802 3385 Christi
823 3325 979 3399 traditum,
1004 3338 1034 3384 et
1054 3327 1084 3382 in
1101 3328 1249 3390 omnibus
1271 3328 1323 3387 lle-

254 3410 352 3479 clesiis
374 3412 433 3470 Dei
461 3410 681 3491 praedicatum.
723 3411 782 3468 Res
818 3421 916 3468 autem
945 3410 1046 3468 modis
1076 3412 1225 3474 omnibus
1248 3411 1322 3473 utilis

255 3508 286 3556 et
306 3497 374 3555 Deo
399 3497 430 3552 in
453 3495 557 3575 primis
581 3508 674 3579 grata,
699 3496 730 3552 id
753 3494 862 3552 divinis
883 3494 1108 3576 praeclarisque
1133 3499 1233 3557 sacris
1259 3517 1323 3581 ope·

255 3578 428 3639 rationibus
451 3582 565 3655 eorum',
589 3584 642 3661 qui
672 3580 704 3637 in
724 3590 807 3638 recta
824 3568 886 3637 fi'de
908 3577 1111 3656 decesserunt,
1137 3581 1244 3643 facere
1258 3586 1322 3667 {me-

257 3684 395 3724 moriam.

254 3820 269 3839 ,.
340 3783 368 3839 1.
410 3770 446 3830 F.
469 3760 716 3829 EPIPHA'NIUS
739 3779 848 3829 contra
876 3767 1032 3844 haereses,
1054 3768 1177 3831 haeresi
1210 3785 1327 3856 septua-

257 3859 368 3999 ἱεεὶωα
391 3866 507 3936 quinta,
532 3866 694 3936 utsupra,
718 3855 896 3935 quaestione
917 3856 1043 3937 septima
1068 3853 1107 3915 de
1141 3867 1325 3919 sacramento

288 3939 469 4001 acharistiae
491 3934 526 4004 b.
550 3950 600 4006 10·

71 4059 147 4105 Ateii
167 4060 246 4106 um·
276 4056 297 4067 ·’
342 4060 372 4112 2.
414 4045 678 4110 AUGUSTINUS·
693 4043 776 4105 libro
799 4041 837 4104 de
852 4042 1029 4103 haeresibus
1048 4043 1087 4104 ad
1113 4045 1332 4121 Quodvultde-

82 4108 125 4153 ὼ·
189 4148 193 4160 ·
259 4142 321 4209 um',
356 4129 472 4190 haeresi
497 4131 750 4213 quinquagesima
769 4129 874 4188 tertia:
908 4129 1024 4188 Fertur
1057 4127 1171 4189 A'o'rius
1206 4133 1333 4214 propria

262 4228 388 4300 quoque
407 4215 549 4299 dogmata
563 4214 723 4276 addidisse
743 4210 901 4289 nonnulla,
922 4210 1037 4292 diceus,
1051 4232 1141 4275 orare
1155 4214 1205 4275 vel
1224 4216 1332 4279 offerre
