2782 4786
310 306 851 427 nucnlnisr't‘au
1034 320 1111 391 lad

45 513 151 575 missio
181 519 396 593 peccatorum,
411 516 463 568 'ct
493 526 556 564 non
586 506 738 567 morietur
768 504 800 564 in
820 514 983 565 aeternnm.
1015 500 1118 585 -Ergo
1191 522 1194 527 ·

49 618 116 657 non
136 597 233 655 otiose
256 614 326 653 eum
342 590 463 672 accipis,
482 600 518 650 tu
539 589 626 663 dieis,
644 587 760 648 Amen:
779 591 840 670 J’nm
861 591 891 648 in
907 589 1019 671 spiritu
1032 581 1111 646 con-'-

49 679 149 755 fitens,
171 677 256 759 qnod
278 677 407 757 accipias
430 676 542 756 corpus
564 672 733 734 CHRISTI.
774 672 859 732 Dicit
870 671 928 731 ttbi
956 672 1109 743 sacerdos,

48 784 164 845 corpus
180 760 349 821 CHRISTI.
389 758 429 818 Et
442 757 584 833 medicis,
602 756 712 817 Ament
736 755 799 818 hoc
817 767 869 834 est,
880 776 993 817 verum.
1016 751 1112 833 Quod

49 843 216 907 confitetur
234 846 346 927 lIngua,
370 853 470 901 teneat
484 839 619 900 allectus.
682 870 686 883 =
714 872 734 881 ··
1096 874 1099 881 ·
1153 844 1156 851 '
1211 886 1220 897 .

137 942 165 997 1.
208 929 241 989 B.
262 923 553 991 JUSTINUS.Phil.
573 937 603 984 et
616 922 709 984 Mjiii
734 921 854 1011 apolog.
869 923 910 982 II.
939 943 998 1006 pro
1020 921 1114 982 Chri·-

52 1016 139 1075 stian.
162 1012 202 1073 ad
223 1013 368 1072 Antonin.
395 1009 487 1069 Pium
504 1009 598 1090 Imp:
641 1009 705 1069 Nos
718 1020 817 1068 antem
835 1019 940 1090 postes
960 1026 1053 1087 quom
1071 1009 1113 1064 ita

51 1098 214 1173 abluimus,
235 1098 484 1178 expiavimnsqne
502 1113 579 1169 eum,
606 1095 668 1173 qui·
681 1092 814 1152 credidit
834 1103 865 1152 et
893 1111 1027 1150 assensus
1055 1101 1111 1164 est,

53 1180 180 1241 eumad
200 1200 263 1255 cos,
286 1181 340 1260 qui
362 1179 469 1238 fratres
495 1176 664 1254 dicuntur,
692 1173 830 1236 ducimus
850 1194 920 1234 eum
942 1176 973 1232 in
1003 1173 1114 1248 locum,
1190 1190 1195 1205 ¹

54 1284 119 1345 quo
153 1273 365 1323 convenerunt
387 1260 602 1342 compescendi
629 1260 924 1336 conseq-'scontcntis
957 1259 1063 1316 animis
1078 1267 1116 1315 et

53 1368 112 1432 pru
133 1368 166 1408 se
177 1359 292 1429 cupro
315 1366 361 1421 eo,
384 1341 440 1425 qui
446 1342 622 1403 ¹illustratus
640 1357 685 1404 est
695 1354 709 1421 ,³
724 1342 934 1422 ‘omnibusque
959 1340 1035 1417 aliis,
1062 1339 1210 1420 qui2l10du!
1228 1352 1287 1410 ⁶⁶1⁰,-

53 1431 271 1512 nbiquesunt,
289 1441 325 1488 ut
347 1438 378 1486 et
394 1429 528 1487 veritatis
544 1427 702 1509 discipuli,
719 1426 805 1487 ct‘re'
821 1429 887 1509 ipsa
911 1401 1289 1492 honestene-'ffillssffss‘'

54 1527 165 1595 tueque
197 1516 276 1596 vitae
301 1510 462 1585 cultores,¹
483 1510 514 1569 et'
529 1525 770 1593 praeceptorum
786 1509 932 1570 custodes
965 1500 1214 1591 possimuslgggl’i
1234 1505 1290 1539 ²⁰¹⁸·

55 1599 249 1669 invenirint
265 1604 415 1653 aeternam
431 1592 560 1653 salutem
582 1590 819 1676 n'dipiscamuri¹
841 1592 906 1652 Sub
929 1591 1018 1652 finem
1042 1563 1141 1674 pico-⁹
1183 1577 1206 1635 ἰ

54 1702 126 1741 eum
144 1680 300 1737 nos·inter
315 1697 371 1751 nos
395 1678 504 1738 osculo
523 1678 706 1739 salutamus:
728 1678 890 1754 deindeci,
902 1679 966 1758 qui
983 1696 1124 1759 pracpn-·
1225 1738 1228 1743 ,

54 1768 135 1824 situs
169 1773 223 1821 est·
234 1760 390 1838 fratribus,
415 1764 500 1843 panis
520 1761 659 1839 offertur,
673 1775 706 1822 et
717 1759 875 1857 poculum
896 1766 976 1841 aqu'a
989 1773 1029 1839 et
1044 1764 1123 1819 vino.

56 1858 267 1927 temperatum,
281 1866 359 1925 qnae
381 1866 449 1906 cum
463 1848 608 1927 accepit,
624 1847 795 1906 laudentes
825 1846 952 1928 gloriam
981 1847 1123 1904 omnium·

53 1929 179 1990 Petenti
211 1929 280 1986 Filii
306 1929 500 2010 spiritusque
525 1932 619 1989 saneti
649 1934 774 1990 nomine
793 1930 920 2005 tribuit,
944 1918 1259 2011 gi·ntiasquo,3,„3„',„

57 2014 113 2073 diu
141 2010 377 2094 agitquodab
399 2033 437 2072 eo
460 2015 507 2073 his
538 2012 646 2095 dignus
671 2017 713 2074 sit
732 2013 882 2075 ¹liubitus:
914 2013 1027 2095 quibus
1056 2014 1197 2073 ritessotio·

56 2096 213 2182 perfectis,
223 2095 378 2176 :precibus
397 2109 430 2157 et
445 2096 614 2181 'glutiat-um
639 2096 752 2158 actioni
760 2098 924 2181 ,populus
937 2100 1044 2171 omnis,
1063 2097 1119 2176 (psi
1136 2112 1150 2125 ··
1161 2108 1178 2127 ¹·
1195 2120 1198 2125 ·
1291 2100 1298 2171 ξ

56 2181 152 2257 adest,
160 2177 324 2256 benedicit,
335 2180 453 2240 dicense
474 2180 578 2242 Amen.
600 2182 1138 2242 Amenantemllebraicosermone·
1202 2216 1205 2223 ·

58 2266 149 2340 idem,
168 2263 257 2344 quod
272 2262 341 2340 liat,
363 2263 519 2348 significat.
562 2265 785 2346 Posteaquam
810 2279 840 2325 et
853 2286 890 2342 rs,
912 2268 966 2345 qui
987 2274 1185 2346 praessum
1204 2292 1291 2334 cm..

58 2352 170 2434 gratias
198 2349 268 2429 egit,
291 2360 321 2407 et
341 2348 599 2430 pupulus-omnis
621 2349 791 2424 benedixit,
819 2351 852 2423 ii,
901 2351 933 2405 ui
958 2347 1045 2428 apud
1061 2344 1253 2428 nocgfflffl

60 2432 181 2495 diaconi
201 2433 356 2508 dicuntur,
379 2434 638 2511 duntuniuuique
656 2370 996 2510 eornm,.qui=ullsunt',·
1009 2403 1293 2510 ‘primi-muniendi?

58 2515 202 2602 piendum
217 2535 336 2597 panem,
357 2516 511 2576 vindos-et
530 2536 655 2595 aquam,
682 2535 762 2596 quae
776 2517 858 2574 scum
879 2515 1051 2597 gratiarum?
1066 2505 1278 2594 ac·{¹,ff⁰,},}¹g‡¹¹,¹g

59 2600 142 2661 tio'ue
165 2613 337 2659 consecrata
350 2604 430 2676 suni,
447 2601 532 2660 etad
547 2621 609 2674 ens,
628 2599 816 2680 quiabsunt,
829 2600 996 2683 perierunt.
1017 2598 1120 2679 Atque
1127 2569 1291 2646 Busiridis-⁸

61 2684 148 2745 cibus
167 2683 219 2743 hic
249 2683 333 2765 apud
352 2705 407 2743 nos
431 2683 623 2742 Eucharistia
646 2687 829 2759 nominatur,
854 2704 914 2764 qua
932 2672 1275 2756 neminialiinueharistu

61 2767 241 2853 participare
259 2768 347 2840 licet,
371 2770 429 2826 nisi
451 2769 489 2838 ei,
512 2769 564 2848 qui
579 2781 609 2827 et
630 2790 700 2828 vera
723 2788 786 2828 esse
807 2768 926 2840 credit,
948 2788 1027 2848 quae
1063 2746 1272 2835 nosgffissiff

63 2854 201 2925 dicimus,
223 2861 253 2908 et
275 2852 408 2930 expiatus
439 2862 482 2909 est
501 2850 632 2929 lavacro,
654 2852 740 2934 quod
764 2855 796 2911 in
817 2855 1021 2912 remissionem
1044 2851 1185 2932 pec-²¹¹⁰·

61 2950 202 2997 catorum
215 2937 528 3017 regenerationemque
548 2937 638 2996 datur
659 2950 689 2997 et
710 2939 752 2996 itu
771 2939 855 3011 vivit,
876 2948 910 2995 ut
924 2934 1121 2995 CHRISTUS

60 3018 199 3083 tradidit.
242 3016 348 3097 Neque
379 3021 456 3077 enim
480 3021 543 3080 haec
575 3041 762 3081 communem
783 3024 986 3101 usitatumque
1003 3039 1120 3100 panem,
1131 3035 1184 3092 up·
1202 3040 1238 3073 m
1255 3045 1296 3087 μ.

62 3109 263 3181 usitatamqne
276 3103 429 3182 potionem
454 3107 608 3185 capimus,
631 3107 685 3164 sed
708 3105 964 3184 quemadmodum
984 3122 1041 3183 per
1059 3101 1122 3158 ¹Dei
1133 3093 1285 3171 :pneuma-

62 3186 203 3251 Verbum
218 3184 312 3244 homo
333 3186 430 3245 sactus
442 3189 562 3247 JESUS
576 3189 781 3248 CHRISTUS·
792 3198 986 3248 conservator
1007 3197 1123 3259 noster,

63 3284 93 3333 ct
109 3288 233 3330 carnem
251 3281 281 3328 et
301 3273 550 3353 sanguinempro
582 3274 676 3333 salute
694 3285 798 3333 nostra
822 3272 951 3332 habuit:
973 3270 1015 3329 sic
1036 3269 1124 3327 etium

11 3362 13 3373 '
65 3356 179 3428 cibum,
208 3355 262 3434 qui
285 3375 341 3435 per
374 3375 480 3438 preces
507 3359 674 3431 sermonis,
695 3377 786 3436 quem
817 3357 857 3416 ab
882 3376 919 3416 eo
943 3355 1123 3435 accepimus,

64 3449 261 3501 consecratus
284 3449 344 3515 cst,
368 3450 483 3520 etque
508 3443 627 3521 sanguis
653 3460 817 3521 carnesque
841 3452 964 3500 nostrae
988 3450 1125 3497 commu·
1216 3460 1224 3477 r

63 3527 155 3583 niune
182 3521 313 3597 aluntur,
334 3523 438 3582 IESU‘
457 3522 624 3584 ¹CIIlllSTI
645 3526 722 3604 ejus,
747 3526 801 3604 qui
819 3523 912 3585 homo
940 3522 1038 3583 lactus
1056 3532 1124 3595 cst,
1135 3525 1179 3565 Μ
1191 3535 1291 3588 ⁶⁸¹⁰.⁰‘.

62 3621 234 3669 etcertum
261 3620 292 3666 ct
311 3606 489 3691 sanguinem
509 3626 573 3668 esse
605 3611 780 3689 accepimus.
833 3606 975 3693 Apostoli
996 3609 1073 3665 enim
1094 3568 1303 3663 menedimo.

65 3692 288 3752 commentariis
310 3693 381 3766 suis,
406 3691 671 3774 quae=Evungelia
692 3692 858 3767 dicuntur,
880 3696 922 3751 ita
957 3689 1017 3749 sibi
1040 3689 1132 3749 Chri-

63 3786 144 3835 stum
157 3777 348 3857 praecepisse
364 3776 566 3850 tradiderunt,
590 3796 656 3832 eum
674 3789 800 3857 accepto
820 3798 908 3859 pane,
930 3796 999 3833 eum
1019 3775 1129 3856 gratias
1141 3788 1303 3838 Luem-rouo.

62 3862 185 3942 chsset,
197 3858 322 3918 dixisse:
343 3859 410 3918 Hoc
426 3858 516 3919 facite
536 3862 566 3918 in
584 3863 758 3918 memoriam
780 3863 848 3935 mei,
868 3861 937 3919 Hoc
956 3869 1002 3917 est
1014 3876 1130 3939 corpus
1142 3834 1308 3932 diffidis

61 3963 181 4002 meum:
205 3942 314 4001 dixisse
327 3945 416 4002 etiam
428 3955 554 4025 accepto
575 3942 700 4026 poculo,
711 3948 783 4002 cum
797 3945 905 4026 egisset
921 3943 1048 4024 gratias:
1073 3942 1130 4001 Hic
1141 3958 1165 4024 fi
1175 3942 1207 3980 2³·

61 4039 112 4086 est
126 4046 179 4086 san
200 4028 246 4086 uis
258 4047 351 4101 meus,
366 4028 486 4108 sibique
494 4029 567 4088 solis
580 4028 708 4087 dedisse.
750 4028 812 4088 Nos
835 4040 935 4088 autem
948 4038 1053 4110 postea
1073 4024 1130 4085 de-
1141 3997 1199 4079 iaf‘r'
1222 3992 1255 4032 η’
1272 3990 1307 4035 ²²⁹

66 4048 263 4192 inceps-llaec
288 4113 367 4170 iuter
391 4132 448 4173 nos
474 4133 593 4194 semper
628 4111 789 4172 recolimus
810 4122 843 4172 et
863 4111 1080 4185 admonemus,
1102 4119 1132 4191 et

62 4194 124 4275 qui
144 4213 217 4278 opes
238 4193 403 4273 habemus,
430 4196 590 4282 egentibus
616 4193 994 4289 omnibusisuquenimus,
1019 4205 1133 4257 etum
