<?xml version="1.0" encoding="UTF-8"?>
<!DOCTYPE html PUBLIC "-//W3C//DTD XHTML 1.0 Transitional//EN"
    "http://www.w3.org/TR/xhtml1/DTD/xhtml1-transitional.dtd">
<html xmlns="http://www.w3.org/1999/xhtml" xml:lang="en" lang="en">
 <head>
  <title>
</title>
<meta http-equiv="Content-Type" content="text/html;charset=utf-8" />
  <meta name='ocr-system' content='tesseract 3.04.00' />
  <meta name='ocr-capabilities' content='ocr_page ocr_carea ocr_par ocr_line ocrx_word'/>
</head>
<body>
  <div class='ocr_page' id='page_1' title='image "./summadoctrinaec01kanigoog_0447.png"; bbox 0 0 2782 4786; ppageno 0'>
   <div class='ocr_carea' id='block_1_1' title="bbox 268 303 1212 404">
    <p class='ocr_par' dir='ltr' id='par_1_1' title="bbox 268 303 1212 404">
     <span class='ocr_line' id='line_1_1' title="bbox 268 303 1212 404; baseline -0.007 -29"><span class='ocrx_word' id='word_1_1' title='bbox 268 326 349 401; x_wconf 75' lang='lat'>4³4</span> <span class='ocrx_word' id='word_1_2' title='bbox 508 303 1113 404; x_wconf 75' lang='lat' dir='ltr'>unsacnauuuro</span> <span class='ocrx_word' id='word_1_3' title='bbox 1203 306 1212 335; x_wconf 85' lang='lat'><strong>·</strong></span> 
     </span>
    </p>
   </div>
   <div class='ocr_carea' id='block_1_2' title="bbox 113 486 1354 2743">
    <p class='ocr_par' dir='ltr' id='par_1_2' title="bbox 198 486 1352 1666">
     <span class='ocr_line' id='line_1_2' title="bbox 274 486 1352 580; baseline -0.015 -14"><span class='ocrx_word' id='word_1_4' title='bbox 274 503 413 566; x_wconf 85' lang='lat' dir='ltr'>eerdotes</span> <span class='ocrx_word' id='word_1_5' title='bbox 441 495 612 580; x_wconf 80' lang='lat' dir='ltr'>irreligiosa</span> <span class='ocrx_word' id='word_1_6' title='bbox 636 491 806 553; x_wconf 75' lang='lat' dir='ltr'>temeritate</span> <span class='ocrx_word' id='word_1_7' title='bbox 834 490 1023 553; x_wconf 72' lang='lat' dir='ltr'>miscuerint.</span> <span class='ocrx_word' id='word_1_8' title='bbox 1066 486 1165 549; x_wconf 88' lang='lat' dir='ltr'>Sicut</span> <span class='ocrx_word' id='word_1_9' title='bbox 1203 490 1293 552; x_wconf 86' lang='lat' dir='ltr'>etiam</span> <span class='ocrx_word' id='word_1_10' title='bbox 1308 515 1352 576; x_wconf 76' lang='lat' dir='ltr'>per</span> 
     </span>
     <span class='ocr_line' id='line_1_3' title="bbox 276 570 1349 665; baseline -0.011 -15"><span class='ocrx_word' id='word_1_11' title='bbox 276 592 354 650; x_wconf 86' lang='lat' dir='ltr'>Osee</span> <span class='ocrx_word' id='word_1_12' title='bbox 375 580 564 665; x_wconf 88' lang='lat' dir='ltr'>Prophetam</span> <span class='ocrx_word' id='word_1_13' title='bbox 585 570 719 660; x_wconf 87' lang='lat' dir='ltr'>Spiritus</span> <span class='ocrx_word' id='word_1_14' title='bbox 743 587 866 635; x_wconf 70' lang='lat' dir='ltr'>sanmus</span> <span class='ocrx_word' id='word_1_15' title='bbox 895 585 1087 636; x_wconf 86' lang='lat' dir='ltr'>contestatur</span> <span class='ocrx_word' id='word_1_16' title='bbox 1108 583 1145 632; x_wconf 83' lang='lat' dir='ltr'>et</span> <span class='ocrx_word' id='word_1_17' title='bbox 1171 573 1270 645; x_wconf 81' lang='lat' dir='ltr'>dicit.-</span> <span class='ocrx_word' id='word_1_18' title='bbox 1301 577 1349 638; x_wconf 86' lang='lat' dir='ltr'>Sa·</span> 
     </span>
     <span class='ocr_line' id='line_1_4' title="bbox 277 659 1346 744; baseline -0.011 -10"><span class='ocrx_word' id='word_1_19' title='bbox 277 671 393 734; x_wconf 84' lang='lat' dir='ltr'>crificia</span> <span class='ocrx_word' id='word_1_20' title='bbox 415 676 681 744; x_wconf 83' lang='lat' dir='ltr'>commtanquam</span> <span class='ocrx_word' id='word_1_21' title='bbox 699 660 787 743; x_wconf 83' lang='lat' dir='ltr'>panis</span> <span class='ocrx_word' id='word_1_22' title='bbox 808 659 927 719; x_wconf 88' lang='lat' dir='ltr'>luctus:</span> <span class='ocrx_word' id='word_1_23' title='bbox 957 678 1072 734; x_wconf 89' lang='lat' dir='ltr'>omnes,</span> <span class='ocrx_word' id='word_1_24' title='bbox 1097 661 1160 738; x_wconf 90' lang='lat' dir='ltr'>qui</span> <span class='ocrx_word' id='word_1_25' title='bbox 1187 660 1346 723; x_wconf 83' lang='lat' dir='ltr'>manducant</span> 
     </span>
     <span class='ocr_line' id='line_1_5' title="bbox 277 733 1337 821; baseline -0.012 -3"><span class='ocrx_word' id='word_1_26' title='bbox 277 779 322 820; x_wconf 81' lang='lat' dir='ltr'>ca.</span> <span class='ocrx_word' id='word_1_27' title='bbox 343 750 637 814; x_wconf 86' lang='lat' dir='ltr'>contaminabuntur.</span> <span class='ocrx_word' id='word_1_28' title='bbox 653 733 666 762; x_wconf 72' lang='lat'><strong>⁹</strong></span> <span class='ocrx_word' id='word_1_29' title='bbox 681 747 803 805; x_wconf 91' lang='lat' dir='ltr'>Docens</span> <span class='ocrx_word' id='word_1_30' title='bbox 834 743 954 803; x_wconf 85' lang='lat' dir='ltr'>scilicet</span> <span class='ocrx_word' id='word_1_31' title='bbox 986 754 1017 801; x_wconf 91' lang='lat' dir='ltr'>et</span> <span class='ocrx_word' id='word_1_32' title='bbox 1044 743 1251 821; x_wconf 79' lang='lat' dir='ltr'>ostendens,</span> <span class='ocrx_word' id='word_1_33' title='bbox 1269 766 1337 806; x_wconf 82' lang='lat' dir='ltr'>omer</span> 
     </span>
     <span class='ocr_line' id='line_1_6' title="bbox 278 824 1340 910; baseline -0.009 -10"><span class='ocrx_word' id='word_1_34' title='bbox 278 824 402 902; x_wconf 82' lang='lat' dir='ltr'>omnino</span> <span class='ocrx_word' id='word_1_35' title='bbox 425 856 494 894; x_wconf 88' lang='lat' dir='ltr'>cum</span> <span class='ocrx_word' id='word_1_36' title='bbox 519 829 696 894; x_wconf 86' lang='lat' dir='ltr'>auctoribus</span> <span class='ocrx_word' id='word_1_37' title='bbox 717 849 776 910; x_wconf 89' lang='lat' dir='ltr'>sup</span> <span class='ocrx_word' id='word_1_38' title='bbox 801 827 873 887; x_wconf 91' lang='lat' dir='ltr'>licio</span> <span class='ocrx_word' id='word_1_39' title='bbox 895 828 1052 908; x_wconf 83' lang='lat' dir='ltr'>conjungi,</span> <span class='ocrx_word' id='word_1_40' title='bbox 1077 829 1137 908; x_wconf 90' lang='lat' dir='ltr'>qui</span> <span class='ocrx_word' id='word_1_41' title='bbox 1178 830 1340 890; x_wconf 78' lang='lat' dir='ltr'>fuerintn-</span> 
     </span>
     <span class='ocr_line' id='line_1_7' title="bbox 279 849 1345 1006; baseline -0.01 -21"><span class='ocrx_word' id='word_1_42' title='bbox 279 947 346 986; x_wconf 90' lang='lat' dir='ltr'>rum</span> <span class='ocrx_word' id='word_1_43' title='bbox 368 931 495 1006; x_wconf 87' lang='lat' dir='ltr'>peccato</span> <span class='ocrx_word' id='word_1_44' title='bbox 518 915 724 977; x_wconf 89' lang='lat' dir='ltr'>contaminati.</span> <span class='ocrx_word' id='word_1_45' title='bbox 769 849 857 988; x_wconf 55' lang='lat' dir='ltr'>(inae</span> <span class='ocrx_word' id='word_1_46' title='bbox 879 934 952 994; x_wconf 79' lang='lat' dir='ltr'>ergo</span> <span class='ocrx_word' id='word_1_47' title='bbox 975 910 1059 992; x_wconf 92' lang='lat' dir='ltr'>apud</span> <span class='ocrx_word' id='word_1_48' title='bbox 1085 932 1142 972; x_wconf 88' lang='lat' dir='ltr'>eos</span> <span class='ocrx_word' id='word_1_49' title='bbox 1177 916 1288 975; x_wconf 87' lang='lat' dir='ltr'>merita</span> <span class='ocrx_word' id='word_1_50' title='bbox 1304 936 1345 974; x_wconf 82' lang='lat' dir='ltr'>esse</span> 
     </span>
     <span class='ocr_line' id='line_1_8' title="bbox 280 995 1346 1084; baseline -0.011 -14"><span class='ocrx_word' id='word_1_51' title='bbox 280 1014 363 1071; x_wconf 89' lang='lat' dir='ltr'>circa</span> <span class='ocrx_word' id='word_1_52' title='bbox 384 1008 483 1065; x_wconf 89' lang='lat' dir='ltr'>Deum</span> <span class='ocrx_word' id='word_1_53' title='bbox 504 1010 652 1084; x_wconf 86' lang='lat' dir='ltr'>possunt,</span> <span class='ocrx_word' id='word_1_54' title='bbox 675 996 790 1078; x_wconf 89' lang='lat' dir='ltr'>quibus</span> <span class='ocrx_word' id='word_1_55' title='bbox 812 997 963 1078; x_wconf 89' lang='lat' dir='ltr'>supplicia</span> <span class='ocrx_word' id='word_1_56' title='bbox 984 995 1136 1055; x_wconf 83' lang='lat' dir='ltr'>divinitus</span> <span class='ocrx_word' id='word_1_57' title='bbox 1170 999 1346 1081; x_wconf 80' lang='lat' dir='ltr'>irrogautml</span> 
     </span>
     <span class='ocr_line' id='line_1_9' title="bbox 368 1078 1346 1166; baseline -0.002 -20"><span class='ocrx_word' id='word_1_58' title='bbox 368 1102 411 1158; x_wconf 77' lang='lat'>1.⁶</span> <span class='ocrx_word' id='word_1_59' title='bbox 438 1089 479 1147; x_wconf 90' lang='lat' dir='ltr'>D.</span> <span class='ocrx_word' id='word_1_60' title='bbox 500 1085 582 1145; x_wconf 88' lang='lat' dir='ltr'>LEO</span> <span class='ocrx_word' id='word_1_61' title='bbox 604 1084 733 1165; x_wconf 79' lang='lat' dir='ltr'>Magnus</span> <span class='ocrx_word' id='word_1_62' title='bbox 757 1082 789 1140; x_wconf 90' lang='lat' dir='ltr'>in</span> <span class='ocrx_word' id='word_1_63' title='bbox 809 1083 898 1163; x_wconf 82' lang='lat' dir='ltr'>epist.</span> <span class='ocrx_word' id='word_1_64' title='bbox 921 1093 971 1149; x_wconf 78' lang='grc'>37.</span> <span class='ocrx_word' id='word_1_65' title='bbox 992 1079 1032 1139; x_wconf 88' lang='lat' dir='ltr'>ad</span> <span class='ocrx_word' id='word_1_66' title='bbox 1062 1078 1256 1166; x_wconf 87' lang='lat' dir='ltr'>Episcopus</span> <span class='ocrx_word' id='word_1_67' title='bbox 1284 1083 1346 1143; x_wconf 81' lang='lat' dir='ltr'>hiri·</span> 
     </span>
     <span class='ocr_line' id='line_1_10' title="bbox 280 1165 1347 1253; baseline -0.007 -15"><span class='ocrx_word' id='word_1_68' title='bbox 280 1188 382 1251; x_wconf 82' lang='lat' dir='ltr'>cauos,</span> <span class='ocrx_word' id='word_1_69' title='bbox 404 1193 460 1253; x_wconf 89' lang='lat' dir='ltr'>per</span> <span class='ocrx_word' id='word_1_70' title='bbox 477 1171 692 1230; x_wconf 81' lang='lat' dir='ltr'>Mauritaniam</span> <span class='ocrx_word' id='word_1_71' title='bbox 722 1166 934 1225; x_wconf 86' lang='lat' dir='ltr'>Caesarensem</span> <span class='ocrx_word' id='word_1_72' title='bbox 966 1165 1181 1226; x_wconf 87' lang='lat' dir='ltr'>constitutos:</span> <span class='ocrx_word' id='word_1_73' title='bbox 1231 1169 1347 1245; x_wconf 76' lang='lat' dir='ltr'>Quodsi</span> 
     </span>
     <span class='ocr_line' id='line_1_11' title="bbox 280 1248 1348 1341; baseline -0.007 -22"><span class='ocrx_word' id='word_1_74' title='bbox 280 1266 311 1324; x_wconf 89' lang='lat' dir='ltr'>in</span> <span class='ocrx_word' id='word_1_75' title='bbox 334 1254 526 1341; x_wconf 90' lang='lat' dir='ltr'>quibuslibet</span> <span class='ocrx_word' id='word_1_76' title='bbox 557 1251 710 1311; x_wconf 85' lang='lat' dir='ltr'>Ecclesiae</span> <span class='ocrx_word' id='word_1_77' title='bbox 738 1248 886 1334; x_wconf 76' lang='lat' dir='ltr'>gradibus</span> <span class='ocrx_word' id='word_1_78' title='bbox 922 1248 1134 1331; x_wconf 82' lang='lat' dir='ltr'>providenter</span> <span class='ocrx_word' id='word_1_79' title='bbox 1170 1252 1348 1334; x_wconf 81' lang='lat' dir='ltr'>scienterque</span> 
     </span>
     <span class='ocr_line' id='line_1_12' title="bbox 198 1333 1349 1415; baseline -0.009 -9"><span class='ocrx_word' id='word_1_80' title='bbox 198 1403 200 1406; x_wconf 12' lang='grc' dir='ltr'><em>Α</em></span> <span class='ocrx_word' id='word_1_81' title='bbox 281 1342 451 1408; x_wconf 88' lang='lat' dir='ltr'>curandum</span> <span class='ocrx_word' id='word_1_82' title='bbox 474 1350 530 1415; x_wconf 86' lang='lat' dir='ltr'>est,</span> <span class='ocrx_word' id='word_1_83' title='bbox 548 1349 586 1397; x_wconf 87' lang='lat' dir='ltr'>ut</span> <span class='ocrx_word' id='word_1_84' title='bbox 605 1339 636 1396; x_wconf 88' lang='lat' dir='ltr'>iu</span> <span class='ocrx_word' id='word_1_85' title='bbox 657 1337 717 1395; x_wconf 90' lang='lat' dir='ltr'>Dei</span> <span class='ocrx_word' id='word_1_86' title='bbox 741 1335 836 1395; x_wconf 90' lang='lat' dir='ltr'>domo</span> <span class='ocrx_word' id='word_1_87' title='bbox 854 1333 933 1394; x_wconf 89' lang='lat' dir='ltr'>nihil</span> <span class='ocrx_word' id='word_1_88' title='bbox 958 1335 998 1392; x_wconf 90' lang='lat' dir='ltr'>sit</span> <span class='ocrx_word' id='word_1_89' title='bbox 1020 1334 1259 1414; x_wconf 82' lang='lat' dir='ltr'>inordinatum,</span> <span class='ocrx_word' id='word_1_90' title='bbox 1279 1337 1349 1411; x_wconf 76' lang='lat' dir='ltr'>nihil·</span> 
     </span>
     <span class='ocr_line' id='line_1_13' title="bbox 282 1417 1349 1513; baseline -0.006 -25"><span class='ocrx_word' id='word_1_91' title='bbox 282 1451 342 1513; x_wconf 87' lang='lat' dir='ltr'>que</span> <span class='ocrx_word' id='word_1_92' title='bbox 366 1434 614 1510; x_wconf 75' lang='lat' dir='ltr'>praeposterum:</span> <span class='ocrx_word' id='word_1_93' title='bbox 647 1419 771 1501; x_wconf 89' lang='lat' dir='ltr'>quando</span> <span class='ocrx_word' id='word_1_94' title='bbox 805 1420 897 1501; x_wconf 85' lang='lat' dir='ltr'>magis</span> <span class='ocrx_word' id='word_1_95' title='bbox 924 1417 1157 1478; x_wconf 91' lang='lat' dir='ltr'>elaborandum</span> <span class='ocrx_word' id='word_1_96' title='bbox 1172 1434 1256 1499; x_wconf 73' lang='lat' dir='ltr'>est,</span> <span class='ocrx_word' id='word_1_97' title='bbox 1280 1424 1349 1482; x_wconf 86' lang='lat' dir='ltr'>utin</span> 
     </span>
     <span class='ocr_line' id='line_1_14' title="bbox 282 1501 1348 1588; baseline -0.008 -12"><span class='ocrx_word' id='word_1_98' title='bbox 282 1514 429 1576; x_wconf 87' lang='lat' dir='ltr'>electione</span> <span class='ocrx_word' id='word_1_99' title='bbox 456 1510 534 1588; x_wconf 82' lang='lat' dir='ltr'>ejus,</span> <span class='ocrx_word' id='word_1_100' title='bbox 562 1507 617 1586; x_wconf 90' lang='lat' dir='ltr'>qui</span> <span class='ocrx_word' id='word_1_101' title='bbox 639 1524 730 1586; x_wconf 86' lang='lat' dir='ltr'>supra</span> <span class='ocrx_word' id='word_1_102' title='bbox 762 1518 867 1575; x_wconf 85' lang='lat' dir='ltr'>omncs</span> <span class='ocrx_word' id='word_1_103' title='bbox 901 1501 1014 1585; x_wconf 82' lang='lat' dir='ltr'>gradus</span> <span class='ocrx_word' id='word_1_104' title='bbox 1041 1505 1275 1582; x_wconf 88' lang='lat' dir='ltr'>constituitur,</span> <span class='ocrx_word' id='word_1_105' title='bbox 1306 1527 1348 1566; x_wconf 88' lang='lat' dir='ltr'>nor</span> 
     </span>
     <span class='ocr_line' id='line_1_15' title="bbox 282 1586 1349 1666; baseline -0.008 -7"><span class='ocrx_word' id='word_1_106' title='bbox 282 1593 426 1659; x_wconf 68' lang='lat' dir='ltr'>erretur?</span> <span class='ocrx_word' id='word_1_107' title='bbox 448 1612 517 1650; x_wconf 91' lang='lat' dir='ltr'>nam</span> <span class='ocrx_word' id='word_1_108' title='bbox 534 1591 631 1649; x_wconf 86' lang='lat' dir='ltr'>totius</span> <span class='ocrx_word' id='word_1_109' title='bbox 656 1586 789 1649; x_wconf 87' lang='lat' dir='ltr'>familiae</span> <span class='ocrx_word' id='word_1_110' title='bbox 811 1588 935 1646; x_wconf 90' lang='lat' dir='ltr'>Domini</span> <span class='ocrx_word' id='word_1_111' title='bbox 955 1597 1111 1648; x_wconf 81' lang='lat' dir='ltr'>statuset</span> <span class='ocrx_word' id='word_1_112' title='bbox 1128 1589 1214 1650; x_wconf 87' lang='lat' dir='ltr'>ordo</span> <span class='ocrx_word' id='word_1_113' title='bbox 1240 1591 1349 1666; x_wconf 84' lang='lat' dir='ltr'>nutabit,</span> 
     </span>
    </p>

    <p class='ocr_par' dir='ltr' id='par_1_3' title="bbox 113 1672 1354 2743">
     <span class='ocr_line' id='line_1_16' title="bbox 283 1672 1310 1762; baseline -0.005 -21"><span class='ocrx_word' id='word_1_114' title='bbox 283 1684 319 1760; x_wconf 90' lang='lat' dir='ltr'>si,</span> <span class='ocrx_word' id='word_1_115' title='bbox 336 1677 424 1762; x_wconf 91' lang='lat' dir='ltr'>quod</span> <span class='ocrx_word' id='word_1_116' title='bbox 445 1675 616 1756; x_wconf 84' lang='lat' dir='ltr'>requiritur</span> <span class='ocrx_word' id='word_1_117' title='bbox 638 1675 670 1732; x_wconf 91' lang='lat' dir='ltr'>in</span> <span class='ocrx_word' id='word_1_118' title='bbox 695 1692 837 1753; x_wconf 90' lang='lat' dir='ltr'>corpore,</span> <span class='ocrx_word' id='word_1_119' title='bbox 861 1692 925 1730; x_wconf 92' lang='lat' dir='ltr'>non</span> <span class='ocrx_word' id='word_1_120' title='bbox 944 1672 1124 1731; x_wconf 85' lang='lat' dir='ltr'>inveniatur</span> <span class='ocrx_word' id='word_1_121' title='bbox 1146 1675 1310 1758; x_wconf 80' lang='lat' dir='ltr'>incapite.</span> 
     </span>
     <span class='ocr_line' id='line_1_17' title="bbox 367 1752 1347 1842; baseline -0.005 -22"><span class='ocrx_word' id='word_1_122' title='bbox 367 1777 411 1830; x_wconf 66' lang='lat'>2·</span> <span class='ocrx_word' id='word_1_123' title='bbox 440 1756 679 1820; x_wconf 84' lang='lat' dir='ltr'><strong>GREGORIUS</strong></span> <span class='ocrx_word' id='word_1_124' title='bbox 700 1757 829 1838; x_wconf 78' lang='lat' dir='ltr'>Magnus</span> <span class='ocrx_word' id='word_1_125' title='bbox 850 1753 904 1814; x_wconf 91' lang='lat' dir='ltr'>lib.</span> <span class='ocrx_word' id='word_1_126' title='bbox 930 1752 986 1814; x_wconf 89' lang='lat' dir='ltr'>IV.</span> <span class='ocrx_word' id='word_1_127' title='bbox 1015 1757 1108 1836; x_wconf 88' lang='lat' dir='ltr'>epist.</span> <span class='ocrx_word' id='word_1_128' title='bbox 1138 1759 1249 1824; x_wconf 64' lang='lat' dir='ltr'>521ad</span> <span class='ocrx_word' id='word_1_129' title='bbox 1276 1761 1347 1842; x_wconf 73' lang='lat' dir='ltr'>Epis·</span> 
     </span>
     <span class='ocr_line' id='line_1_18' title="bbox 285 1839 1349 1928; baseline -0.003 -21"><span class='ocrx_word' id='word_1_130' title='bbox 285 1866 380 1928; x_wconf 92' lang='lat' dir='ltr'>copos</span> <span class='ocrx_word' id='word_1_131' title='bbox 411 1843 594 1904; x_wconf 86' lang='lat' dir='ltr'>Galliarum:</span> <span class='ocrx_word' id='word_1_132' title='bbox 635 1841 686 1901; x_wconf 87' lang='lat' dir='ltr'>Ad</span> <span class='ocrx_word' id='word_1_133' title='bbox 715 1839 777 1900; x_wconf 90' lang='lat' dir='ltr'>hoc</span> <span class='ocrx_word' id='word_1_134' title='bbox 803 1840 923 1900; x_wconf 85' lang='lat' dir='ltr'>divinae</span> <span class='ocrx_word' id='word_1_135' title='bbox 951 1839 1199 1920; x_wconf 87' lang='lat' dir='ltr'>dispensationis</span> <span class='ocrx_word' id='word_1_136' title='bbox 1227 1847 1349 1926; x_wconf 76' lang='lat' dir='ltr'>provisio</span> 
     </span>
     <span class='ocr_line' id='line_1_19' title="bbox 113 1923 1350 2013; baseline 0.01 -36"><span class='ocrx_word' id='word_1_137' title='bbox 113 1936 251 1999; x_wconf 56' lang='lat' dir='ltr'>nemean</span> <span class='ocrx_word' id='word_1_138' title='bbox 286 1929 401 2013; x_wconf 78' lang='lat' dir='ltr'>gradus</span> <span class='ocrx_word' id='word_1_139' title='bbox 423 1926 560 1986; x_wconf 84' lang='lat' dir='ltr'>diversos</span> <span class='ocrx_word' id='word_1_140' title='bbox 581 1936 611 1984; x_wconf 89' lang='lat' dir='ltr'>et</span> <span class='ocrx_word' id='word_1_141' title='bbox 629 1924 752 1984; x_wconf 88' lang='lat' dir='ltr'>ordines</span> <span class='ocrx_word' id='word_1_142' title='bbox 771 1924 932 2009; x_wconf 73' lang='lat' dir='ltr'>constituit</span> <span class='ocrx_word' id='word_1_143' title='bbox 953 1943 1019 1982; x_wconf 87' lang='lat' dir='ltr'>esse</span> <span class='ocrx_word' id='word_1_144' title='bbox 1034 1923 1209 2002; x_wconf 77' lang='lat' dir='ltr'>distinctos,</span> <span class='ocrx_word' id='word_1_145' title='bbox 1234 1940 1270 1988; x_wconf 87' lang='lat' dir='ltr'>m</span> <span class='ocrx_word' id='word_1_146' title='bbox 1291 1929 1350 1990; x_wconf 85' lang='lat' dir='ltr'>dun</span> 
     </span>
     <span class='ocr_line' id='line_1_20' title="bbox 113 1989 1353 2090; baseline 0.001 -19"><span class='ocrx_word' id='word_1_147' title='bbox 113 1989 236 2037; x_wconf 75' lang='lat'>&#39;⁰⁰¹‘⁸¹¹&#39;&#39;</span> <span class='ocrx_word' id='word_1_148' title='bbox 286 2012 484 2072; x_wconf 86' lang='lat' dir='ltr'>reverentiam</span> <span class='ocrx_word' id='word_1_149' title='bbox 507 2010 638 2067; x_wconf 84' lang='lat' dir='ltr'>minores</span> <span class='ocrx_word' id='word_1_150' title='bbox 658 2009 835 2090; x_wconf 85' lang='lat' dir='ltr'>potioribus</span> <span class='ocrx_word' id='word_1_151' title='bbox 853 2006 1053 2083; x_wconf 83' lang='lat' dir='ltr'>exhiberent,</span> <span class='ocrx_word' id='word_1_152' title='bbox 1083 2021 1115 2068; x_wconf 88' lang='lat' dir='ltr'>et</span> <span class='ocrx_word' id='word_1_153' title='bbox 1133 2012 1280 2090; x_wconf 88' lang='lat' dir='ltr'>potiores</span> <span class='ocrx_word' id='word_1_154' title='bbox 1301 2016 1353 2072; x_wconf 86' lang='lat' dir='ltr'>mi·</span> 
     </span>
     <span class='ocr_line' id='line_1_21' title="bbox 285 2090 1354 2173; baseline 0.001 -17"><span class='ocrx_word' id='word_1_155' title='bbox 285 2093 415 2156; x_wconf 84' lang='lat' dir='ltr'>nuribus</span> <span class='ocrx_word' id='word_1_156' title='bbox 439 2091 635 2153; x_wconf 85' lang='lat' dir='ltr'>dilectionem</span> <span class='ocrx_word' id='word_1_157' title='bbox 658 2091 883 2173; x_wconf 83' lang='lat' dir='ltr'>impenderent:</span> <span class='ocrx_word' id='word_1_158' title='bbox 913 2111 974 2150; x_wconf 91' lang='lat' dir='ltr'>una</span> <span class='ocrx_word' id='word_1_159' title='bbox 999 2092 1169 2152; x_wconf 76' lang='lat' dir='ltr'>concordiae</span> <span class='ocrx_word' id='word_1_160' title='bbox 1203 2090 1298 2153; x_wconf 72' lang='lat' dir='ltr'>deret</span> <span class='ocrx_word' id='word_1_161' title='bbox 1319 2115 1354 2157; x_wconf 84' lang='lat' dir='ltr'>ex</span> 
     </span>
     <span class='ocr_line' id='line_1_22' title="bbox 287 2173 1347 2258; baseline -0.006 -16"><span class='ocrx_word' id='word_1_162' title='bbox 287 2179 460 2242; x_wconf 85' lang='lat' dir='ltr'>diversitate</span> <span class='ocrx_word' id='word_1_163' title='bbox 489 2176 660 2251; x_wconf 82' lang='lat' dir='ltr'>contextio,</span> <span class='ocrx_word' id='word_1_164' title='bbox 683 2186 714 2234; x_wconf 90' lang='lat' dir='ltr'>et</span> <span class='ocrx_word' id='word_1_165' title='bbox 745 2186 828 2234; x_wconf 90' lang='lat' dir='ltr'>recte</span> <span class='ocrx_word' id='word_1_166' title='bbox 849 2173 1019 2236; x_wconf 88' lang='lat' dir='ltr'>officiorum</span> <span class='ocrx_word' id='word_1_167' title='bbox 1036 2187 1188 2258; x_wconf 79' lang='lat' dir='ltr'>gereretur</span> <span class='ocrx_word' id='word_1_168' title='bbox 1212 2174 1347 2236; x_wconf 87' lang='lat' dir='ltr'>admini-</span> 
     </span>
     <span class='ocr_line' id='line_1_23' title="bbox 287 2258 1342 2345; baseline -0.004 -19"><span class='ocrx_word' id='word_1_169' title='bbox 287 2265 397 2327; x_wconf 87' lang='lat' dir='ltr'>stratio</span> <span class='ocrx_word' id='word_1_170' title='bbox 419 2260 626 2345; x_wconf 78' lang='lat' dir='ltr'>singulorum:</span> <span class='ocrx_word' id='word_1_171' title='bbox 668 2259 775 2340; x_wconf 87' lang='lat' dir='ltr'>Neque</span> <span class='ocrx_word' id='word_1_172' title='bbox 796 2260 977 2343; x_wconf 78' lang='lat' dir='ltr'>universitas</span> <span class='ocrx_word' id='word_1_173' title='bbox 999 2258 1054 2320; x_wconf 86' lang='lat' dir='ltr'>alia</span> <span class='ocrx_word' id='word_1_174' title='bbox 1083 2270 1206 2342; x_wconf 87' lang='lat' dir='ltr'>poterat</span> <span class='ocrx_word' id='word_1_175' title='bbox 1226 2263 1342 2322; x_wconf 86' lang='lat' dir='ltr'>ratione</span> 
     </span>
     <span class='ocr_line' id='line_1_24' title="bbox 288 2342 1350 2427; baseline -0.004 -17"><span class='ocrx_word' id='word_1_176' title='bbox 288 2348 460 2423; x_wconf 89' lang='lat' dir='ltr'>subsistere,</span> <span class='ocrx_word' id='word_1_177' title='bbox 481 2345 539 2406; x_wconf 91' lang='lat' dir='ltr'>nisi</span> <span class='ocrx_word' id='word_1_178' title='bbox 561 2343 742 2427; x_wconf 89' lang='lat' dir='ltr'>hujusmodi</span> <span class='ocrx_word' id='word_1_179' title='bbox 759 2365 883 2427; x_wconf 73' lang='lat' dir='ltr'>magnus</span> <span class='ocrx_word' id='word_1_180' title='bbox 905 2366 969 2419; x_wconf 86' lang='lat' dir='ltr'>eam</span> <span class='ocrx_word' id='word_1_181' title='bbox 986 2342 1165 2423; x_wconf 80' lang='lat' dir='ltr'>differentiae</span> <span class='ocrx_word' id='word_1_182' title='bbox 1181 2344 1266 2423; x_wconf 81' lang='lat' dir='ltr'>ordo</span> <span class='ocrx_word' id='word_1_183' title='bbox 1285 2367 1350 2406; x_wconf 86' lang='lat' dir='ltr'>ser·</span> 
     </span>
     <span class='ocr_line' id='line_1_25' title="bbox 288 2427 1351 2514; baseline -0.002 -22"><span class='ocrx_word' id='word_1_184' title='bbox 288 2445 382 2494; x_wconf 82' lang='lat' dir='ltr'>varet</span> <span class='ocrx_word' id='word_1_185' title='bbox 424 2433 506 2508; x_wconf 87' lang='lat' dir='ltr'>Quia</span> <span class='ocrx_word' id='word_1_186' title='bbox 529 2450 604 2491; x_wconf 78' lang='lat' dir='ltr'>uero</span> <span class='ocrx_word' id='word_1_187' title='bbox 627 2439 764 2491; x_wconf 88' lang='lat' dir='ltr'>creatura</span> <span class='ocrx_word' id='word_1_188' title='bbox 785 2430 818 2488; x_wconf 92' lang='lat' dir='ltr'>in</span> <span class='ocrx_word' id='word_1_189' title='bbox 838 2449 900 2489; x_wconf 88' lang='lat' dir='ltr'>una</span> <span class='ocrx_word' id='word_1_190' title='bbox 928 2430 1095 2511; x_wconf 89' lang='lat' dir='ltr'>eademqne</span> <span class='ocrx_word' id='word_1_191' title='bbox 1113 2427 1275 2511; x_wconf 87' lang='lat' dir='ltr'>qualitate,</span> <span class='ocrx_word' id='word_1_192' title='bbox 1296 2451 1351 2514; x_wconf 76' lang='lat' dir='ltr'>gu·</span> 
     </span>
     <span class='ocr_line' id='line_1_26' title="bbox 288 2512 1354 2596; baseline 0 -20"><span class='ocrx_word' id='word_1_193' title='bbox 288 2517 414 2577; x_wconf 87' lang='lat' dir='ltr'>bernari</span> <span class='ocrx_word' id='word_1_194' title='bbox 434 2514 482 2581; x_wconf 81' lang='lat' dir='ltr'>uel</span> <span class='ocrx_word' id='word_1_195' title='bbox 502 2515 604 2576; x_wconf 80' lang='lat' dir='ltr'>vivere</span> <span class='ocrx_word' id='word_1_196' title='bbox 627 2534 689 2573; x_wconf 93' lang='lat' dir='ltr'>non</span> <span class='ocrx_word' id='word_1_197' title='bbox 713 2524 835 2596; x_wconf 81' lang='lat' dir='ltr'>potest,</span> <span class='ocrx_word' id='word_1_198' title='bbox 862 2512 1037 2573; x_wconf 89' lang='lat' dir='ltr'>caelestium</span> <span class='ocrx_word' id='word_1_199' title='bbox 1062 2512 1234 2574; x_wconf 82' lang='lat' dir='ltr'>militiarum</span> <span class='ocrx_word' id='word_1_200' title='bbox 1260 2536 1354 2576; x_wconf 80' lang='lat' dir='ltr'>erem·</span> 
     </span>
     <span class='ocr_line' id='line_1_27' title="bbox 289 2597 1351 2743; baseline 0 -83"><span class='ocrx_word' id='word_1_201' title='bbox 289 2600 359 2743; x_wconf 88' lang='lat' dir='ltr'>plar</span> <span class='ocrx_word' id='word_1_202' title='bbox 387 2620 444 2660; x_wconf 91' lang='lat' dir='ltr'>nos</span> <span class='ocrx_word' id='word_1_203' title='bbox 474 2601 615 2658; x_wconf 80' lang='lat' dir='ltr'>instruit:</span> <span class='ocrx_word' id='word_1_204' title='bbox 639 2599 721 2680; x_wconf 89' lang='lat' dir='ltr'>quia,</span> <span class='ocrx_word' id='word_1_205' title='bbox 752 2597 826 2657; x_wconf 89' lang='lat' dir='ltr'>dum</span> <span class='ocrx_word' id='word_1_206' title='bbox 847 2599 910 2658; x_wconf 88' lang='lat' dir='ltr'>sint</span> <span class='ocrx_word' id='word_1_207' title='bbox 929 2597 1038 2681; x_wconf 83' lang='lat' dir='ltr'>Angeli</span> <span class='ocrx_word' id='word_1_208' title='bbox 1050 2641 1061 2675; x_wconf 90' lang='lat'>,</span> <span class='ocrx_word' id='word_1_209' title='bbox 1084 2601 1145 2659; x_wconf 90' lang='lat' dir='ltr'>siut</span> <span class='ocrx_word' id='word_1_210' title='bbox 1164 2597 1351 2682; x_wconf 77' lang='lat' dir='ltr'>Archangeli,</span> 
     </span>
    </p>

    <p class='ocr_par' dir='ltr' id='par_1_4' title="bbox 302 2707 311 2743">
     <span class='ocr_line' id='line_1_28' title="bbox 302 2707 311 2743; baseline 0 0"><span class='ocrx_word' id='word_1_211' title='bbox 302 2707 311 2743; x_wconf 86' lang='lat'>1</span> 
     </span>
    </p>
   </div>
   <div class='ocr_carea' id='block_1_3' title="bbox 314 2681 1351 2767">
    <p class='ocr_par' dir='ltr' id='par_1_5' title="bbox 314 2681 1351 2767">
     <span class='ocr_line' id='line_1_29' title="bbox 314 2681 1351 2767; baseline 0 -24"><span class='ocrx_word' id='word_1_212' title='bbox 314 2695 395 2765; x_wconf 91' lang='lat' dir='ltr'>quet,</span> <span class='ocrx_word' id='word_1_213' title='bbox 417 2683 501 2766; x_wconf 92' lang='lat' dir='ltr'>quod</span> <span class='ocrx_word' id='word_1_214' title='bbox 518 2703 582 2741; x_wconf 91' lang='lat' dir='ltr'>non</span> <span class='ocrx_word' id='word_1_215' title='bbox 611 2681 749 2763; x_wconf 87' lang='lat' dir='ltr'>aequales</span> <span class='ocrx_word' id='word_1_216' title='bbox 771 2693 858 2742; x_wconf 84' lang='lat' dir='ltr'>sunt:</span> <span class='ocrx_word' id='word_1_217' title='bbox 887 2681 942 2743; x_wconf 85' lang='lat' dir='ltr'>sed</span> <span class='ocrx_word' id='word_1_218' title='bbox 968 2684 1002 2743; x_wconf 89' lang='lat' dir='ltr'>in</span> <span class='ocrx_word' id='word_1_219' title='bbox 1015 2695 1173 2767; x_wconf 88' lang='lat' dir='ltr'>potestate</span> <span class='ocrx_word' id='word_1_220' title='bbox 1194 2695 1226 2744; x_wconf 86' lang='lat' dir='ltr'>et</span> <span class='ocrx_word' id='word_1_221' title='bbox 1243 2685 1351 2763; x_wconf 79' lang='lat' dir='ltr'>ordior,</span> 
     </span>
    </p>
   </div>
   <div class='ocr_carea' id='block_1_4' title="bbox 107 2764 1384 4263">
    <p class='ocr_par' dir='ltr' id='par_1_6' title="bbox 290 2764 915 2840">
     <span class='ocr_line' id='line_1_30' title="bbox 290 2764 915 2840; baseline -0.003 -13"><span class='ocrx_word' id='word_1_222' title='bbox 290 2769 368 2828; x_wconf 87' lang='lat' dir='ltr'>sicut</span> <span class='ocrx_word' id='word_1_223' title='bbox 393 2769 501 2840; x_wconf 90' lang='lat' dir='ltr'>nostis,</span> <span class='ocrx_word' id='word_1_224' title='bbox 523 2764 626 2825; x_wconf 89' lang='lat' dir='ltr'>differt</span> <span class='ocrx_word' id='word_1_225' title='bbox 648 2785 728 2824; x_wconf 91' lang='lat' dir='ltr'>unus</span> <span class='ocrx_word' id='word_1_226' title='bbox 751 2765 790 2825; x_wconf 95' lang='lat' dir='ltr'>ab</span> <span class='ocrx_word' id='word_1_227' title='bbox 809 2765 915 2827; x_wconf 89' lang='lat' dir='ltr'>altero.</span> 
     </span>
    </p>

    <p class='ocr_par' dir='ltr' id='par_1_7' title="bbox 286 2848 1359 3184">
     <span class='ocr_line' id='line_1_31' title="bbox 372 2848 1349 2933; baseline 0.01 -27"><span class='ocrx_word' id='word_1_228' title='bbox 372 2863 404 2918; x_wconf 73' lang='lat'>3.</span> <span class='ocrx_word' id='word_1_229' title='bbox 446 2848 668 2909; x_wconf 88' lang='lat' dir='ltr'><strong>DIONYSIUS</strong></span> <span class='ocrx_word' id='word_1_230' title='bbox 689 2848 878 2933; x_wconf 72' lang='lat' dir='ltr'>Areopagitae</span> <span class='ocrx_word' id='word_1_231' title='bbox 910 2851 950 2909; x_wconf 92' lang='lat' dir='ltr'>in·</span> <span class='ocrx_word' id='word_1_232' title='bbox 968 2848 1053 2912; x_wconf 93' lang='lat' dir='ltr'>libro</span> <span class='ocrx_word' id='word_1_233' title='bbox 1080 2850 1121 2912; x_wconf 91' lang='lat' dir='ltr'>de</span> <span class='ocrx_word' id='word_1_234' title='bbox 1149 2851 1349 2915; x_wconf 80' lang='lat' dir='ltr'>Ecclesiastiu</span> 
     </span>
     <span class='ocr_line' id='line_1_32' title="bbox 286 2932 1347 3016; baseline 0.004 -20"><span class='ocrx_word' id='word_1_235' title='bbox 286 2932 469 3009; x_wconf 85' lang='lat' dir='ltr'>hierarchia,</span> <span class='ocrx_word' id='word_1_236' title='bbox 488 2954 553 3016; x_wconf 92' lang='lat' dir='ltr'>cap.</span> <span class='ocrx_word' id='word_1_237' title='bbox 576 2945 596 2999; x_wconf 85' lang='lat'><strong>5</strong></span> <span class='ocrx_word' id='word_1_238' title='bbox 616 2935 647 2992; x_wconf 92' lang='lat' dir='ltr'>in</span> <span class='ocrx_word' id='word_1_239' title='bbox 673 2935 781 3011; x_wconf 88' lang='lat' dir='ltr'>initio,</span> <span class='ocrx_word' id='word_1_240' title='bbox 802 2935 858 2994; x_wconf 90' lang='lat' dir='ltr'>ubi</span> <span class='ocrx_word' id='word_1_241' title='bbox 882 2934 920 2994; x_wconf 90' lang='lat' dir='ltr'>de</span> <span class='ocrx_word' id='word_1_242' title='bbox 942 2938 1035 2996; x_wconf 86' lang='lat' dir='ltr'>sacris</span> <span class='ocrx_word' id='word_1_243' title='bbox 1051 2937 1232 2999; x_wconf 83' lang='lat' dir='ltr'>ordinibus</span> <span class='ocrx_word' id='word_1_244' title='bbox 1252 2951 1347 2999; x_wconf 81' lang='lat' dir='ltr'>tracta·</span> 
     </span>
     <span class='ocr_line' id='line_1_33' title="bbox 286 3019 1345 3102; baseline 0.002 -21"><span class='ocrx_word' id='word_1_245' title='bbox 286 3023 399 3081; x_wconf 88' lang='lat' dir='ltr'>tionem</span> <span class='ocrx_word' id='word_1_246' title='bbox 424 3019 571 3078; x_wconf 86' lang='lat' dir='ltr'>institnit:</span> <span class='ocrx_word' id='word_1_247' title='bbox 613 3019 746 3100; x_wconf 81' lang='lat' dir='ltr'>Tempus</span> <span class='ocrx_word' id='word_1_248' title='bbox 770 3020 833 3099; x_wconf 85' lang='lat' dir='ltr'>jam</span> <span class='ocrx_word' id='word_1_249' title='bbox 854 3019 1012 3095; x_wconf 91' lang='lat' dir='ltr'>admonet,</span> <span class='ocrx_word' id='word_1_250' title='bbox 1035 3033 1111 3102; x_wconf 89' lang='lat' dir='ltr'>post</span> <span class='ocrx_word' id='word_1_251' title='bbox 1134 3023 1241 3084; x_wconf 89' lang='lat' dir='ltr'>divina</span> <span class='ocrx_word' id='word_1_252' title='bbox 1262 3027 1345 3085; x_wconf 77' lang='lat' dir='ltr'>istius·</span> 
     </span>
     <span class='ocr_line' id='line_1_34' title="bbox 286 3103 1359 3184; baseline 0.006 -20"><span class='ocrx_word' id='word_1_253' title='bbox 286 3103 373 3164; x_wconf 90' lang='lat' dir='ltr'>modi</span> <span class='ocrx_word' id='word_1_254' title='bbox 395 3105 513 3178; x_wconf 90' lang='lat' dir='ltr'>munia,</span> <span class='ocrx_word' id='word_1_255' title='bbox 534 3104 619 3184; x_wconf 85' lang='lat' dir='ltr'>ipsos</span> <span class='ocrx_word' id='word_1_256' title='bbox 641 3122 792 3183; x_wconf 84' lang='lat' dir='ltr'>exponere</span> <span class='ocrx_word' id='word_1_257' title='bbox 814 3124 915 3165; x_wconf 86' lang='lat' dir='ltr'>sacros</span> <span class='ocrx_word' id='word_1_258' title='bbox 935 3104 1079 3179; x_wconf 88' lang='lat' dir='ltr'>ordines,</span> <span class='ocrx_word' id='word_1_259' title='bbox 1105 3127 1145 3167; x_wconf 90' lang='lat' dir='ltr'>uc</span> <span class='ocrx_word' id='word_1_260' title='bbox 1169 3109 1359 3169; x_wconf 66' lang='lat' dir='ltr'>distributio?</span> 
     </span>
    </p>

    <p class='ocr_par' dir='ltr' id='par_1_8' title="bbox 107 3188 1342 3269">
     <span class='ocr_line' id='line_1_35' title="bbox 107 3188 1342 3269; baseline 0.005 -21"><span class='ocrx_word' id='word_1_261' title='bbox 107 3188 261 3269; x_wconf 60' lang='lat' dir='ltr'>‘tintinna</span> <span class='ocrx_word' id='word_1_262' title='bbox 287 3209 357 3264; x_wconf 90' lang='lat' dir='ltr'>nes,</span> <span class='ocrx_word' id='word_1_263' title='bbox 385 3191 573 3267; x_wconf 78' lang='lat' dir='ltr'>virtutesque</span> <span class='ocrx_word' id='word_1_264' title='bbox 605 3188 764 3269; x_wconf 90' lang='lat' dir='ltr'>ipsorum,</span> <span class='ocrx_word' id='word_1_265' title='bbox 797 3199 829 3246; x_wconf 89' lang='lat' dir='ltr'>et</span> <span class='ocrx_word' id='word_1_266' title='bbox 847 3190 979 3249; x_wconf 90' lang='lat' dir='ltr'>actiones</span> <span class='ocrx_word' id='word_1_267' title='bbox 1001 3202 1098 3269; x_wconf 86' lang='lat' dir='ltr'>atque</span> <span class='ocrx_word' id='word_1_268' title='bbox 1124 3196 1342 3254; x_wconf 83' lang='lat' dir='ltr'>consummatio·</span> 
     </span>
    </p>

    <p class='ocr_par' dir='ltr' id='par_1_9' title="bbox 115 3263 1345 3356">
     <span class='ocr_line' id='line_1_36' title="bbox 115 3263 1345 3356; baseline 0.007 -28"><span class='ocrx_word' id='word_1_269' title='bbox 115 3263 358 3347; x_wconf 60' lang='lat' dir='ltr'>25²„&#39;2,⁰,‘&#39;,¹{¹¹}{2nes,</span> <span class='ocrx_word' id='word_1_270' title='bbox 378 3271 609 3352; x_wconf 88' lang='lat' dir='ltr'>subjectamque</span> <span class='ocrx_word' id='word_1_271' title='bbox 631 3270 691 3330; x_wconf 91' lang='lat' dir='ltr'>illis</span> <span class='ocrx_word' id='word_1_272' title='bbox 713 3272 878 3332; x_wconf 83' lang='lat' dir='ltr'>trinitatem</span> <span class='ocrx_word' id='word_1_273' title='bbox 900 3272 1113 3336; x_wconf 79' lang='lat' dir='ltr'>excellentium</span> <span class='ocrx_word' id='word_1_274' title='bbox 1137 3278 1300 3356; x_wconf 89' lang='lat' dir='ltr'>ordinum,</span> <span class='ocrx_word' id='word_1_275' title='bbox 1321 3288 1345 3337; x_wconf 79' lang='lat' dir='ltr'>tt</span> 
     </span>
    </p>

    <p class='ocr_par' dir='ltr' id='par_1_10' title="bbox 114 3353 1345 3447">
     <span class='ocr_line' id='line_1_37' title="bbox 114 3353 1345 3447; baseline 0.006 -33"><span class='ocrx_word' id='word_1_276' title='bbox 114 3353 259 3447; x_wconf 40' lang='lat' dir='ltr'>{maffia</span> <span class='ocrx_word' id='word_1_277' title='bbox 289 3354 650 3416; x_wconf 83' lang='lat' dir='ltr'>ostendatursacerdotii</span> <span class='ocrx_word' id='word_1_278' title='bbox 672 3358 770 3415; x_wconf 88' lang='lat' dir='ltr'>nostri</span> <span class='ocrx_word' id='word_1_279' title='bbox 790 3357 978 3438; x_wconf 86' lang='lat' dir='ltr'>perfunctio,</span> <span class='ocrx_word' id='word_1_280' title='bbox 1001 3360 1190 3423; x_wconf 88' lang='lat' dir='ltr'>inordinata</span> <span class='ocrx_word' id='word_1_281' title='bbox 1212 3365 1345 3424; x_wconf 84' lang='lat' dir='ltr'>omniatt</span> 
     </span>
    </p>

    <p class='ocr_par' dir='ltr' id='par_1_11' title="bbox 114 3439 1384 4230">
     <span class='ocr_line' id='line_1_38' title="bbox 114 3439 1345 3532; baseline 0.011 -39"><span class='ocrx_word' id='word_1_282' title='bbox 114 3451 180 3504; x_wconf 68' lang='lat' dir='ltr'>tegis.</span> <span class='ocrx_word' id='word_1_283' title='bbox 287 3441 489 3521; x_wconf 85' lang='lat' dir='ltr'>incomposita</span> <span class='ocrx_word' id='word_1_284' title='bbox 513 3451 607 3519; x_wconf 91' lang='lat' dir='ltr'>atque</span> <span class='ocrx_word' id='word_1_285' title='bbox 630 3439 758 3499; x_wconf 86' lang='lat' dir='ltr'>confusa</span> <span class='ocrx_word' id='word_1_286' title='bbox 770 3440 810 3499; x_wconf 90' lang='lat' dir='ltr'>ab</span> <span class='ocrx_word' id='word_1_287' title='bbox 831 3462 863 3500; x_wconf 92' lang='lat' dir='ltr'>se</span> <span class='ocrx_word' id='word_1_288' title='bbox 884 3463 989 3501; x_wconf 87' lang='lat' dir='ltr'>arcere</span> <span class='ocrx_word' id='word_1_289' title='bbox 1009 3463 1139 3526; x_wconf 88' lang='lat' dir='ltr'>semper</span> <span class='ocrx_word' id='word_1_290' title='bbox 1163 3461 1259 3532; x_wconf 89' lang='lat' dir='ltr'>atque</span> <span class='ocrx_word' id='word_1_291' title='bbox 1276 3446 1345 3509; x_wconf 81' lang='lat' dir='ltr'>coti·</span> 
     </span>
     <span class='ocr_line' id='line_1_39' title="bbox 285 3524 1344 3616; baseline 0.007 -32"><span class='ocrx_word' id='word_1_292' title='bbox 285 3524 377 3584; x_wconf 87' lang='lat' dir='ltr'>bere:</span> <span class='ocrx_word' id='word_1_293' title='bbox 411 3535 553 3585; x_wconf 84' lang='lat' dir='ltr'>ornatum</span> <span class='ocrx_word' id='word_1_294' title='bbox 576 3544 649 3584; x_wconf 80' lang='lat' dir='ltr'>vern</span> <span class='ocrx_word' id='word_1_295' title='bbox 671 3535 765 3605; x_wconf 89' lang='lat' dir='ltr'>atque</span> <span class='ocrx_word' id='word_1_296' title='bbox 786 3525 926 3585; x_wconf 88' lang='lat' dir='ltr'>ordinem</span> <span class='ocrx_word' id='word_1_297' title='bbox 944 3539 982 3586; x_wconf 91' lang='lat' dir='ltr'>et.</span> <span class='ocrx_word' id='word_1_298' title='bbox 996 3532 1207 3612; x_wconf 76' lang='lat' dir='ltr'>gravitatem,</span> <span class='ocrx_word' id='word_1_299' title='bbox 1236 3557 1267 3594; x_wconf 83' lang='lat' dir='ltr'>ru</span> <span class='ocrx_word' id='word_1_300' title='bbox 1286 3552 1344 3616; x_wconf 84' lang='lat' dir='ltr'>pm·</span> 
     </span>
     <span class='ocr_line' id='line_1_40' title="bbox 285 3605 1343 3698; baseline 0.012 -31"><span class='ocrx_word' id='word_1_301' title='bbox 285 3605 482 3692; x_wconf 87' lang='lat' dir='ltr'>portionibus</span> <span class='ocrx_word' id='word_1_302' title='bbox 501 3619 676 3668; x_wconf 88' lang='lat' dir='ltr'>sanctorum</span> <span class='ocrx_word' id='word_1_303' title='bbox 694 3609 844 3668; x_wconf 86' lang='lat' dir='ltr'>¹ordinum</span> <span class='ocrx_word' id='word_1_304' title='bbox 867 3631 992 3673; x_wconf 89' lang='lat' dir='ltr'>snorum</span> <span class='ocrx_word' id='word_1_305' title='bbox 1015 3611 1182 3678; x_wconf 83' lang='lat' dir='ltr'>exhibere.</span> <span class='ocrx_word' id='word_1_306' title='bbox 1238 3621 1274 3680; x_wconf 90' lang='lat' dir='ltr'>Et</span> <span class='ocrx_word' id='word_1_307' title='bbox 1289 3615 1343 3698; x_wconf 75' lang='lat' dir='ltr'>qai·</span> 
     </span>
     <span class='ocr_line' id='line_1_41' title="bbox 285 3690 1340 3765; baseline 0.011 -14"><span class='ocrx_word' id='word_1_308' title='bbox 285 3691 359 3751; x_wconf 84' lang='lat' dir='ltr'>dem.</span> <span class='ocrx_word' id='word_1_309' title='bbox 375 3690 577 3751; x_wconf 85' lang='lat' dir='ltr'>hierarchiam</span> <span class='ocrx_word' id='word_1_310' title='bbox 596 3713 714 3752; x_wconf 90' lang='lat' dir='ltr'>omnem</span> <span class='ocrx_word' id='word_1_311' title='bbox 734 3713 789 3752; x_wconf 86' lang='lat' dir='ltr'>cur</span> <span class='ocrx_word' id='word_1_312' title='bbox 809 3696 842 3753; x_wconf 92' lang='lat' dir='ltr'>in</span> <span class='ocrx_word' id='word_1_313' title='bbox 865 3696 1010 3756; x_wconf 86' lang='lat' dir='ltr'>trinitatis</span> <span class='ocrx_word' id='word_1_314' title='bbox 1033 3697 1340 3765; x_wconf 71' lang='lat' dir='ltr'>distribuerinnnw</span> 
     </span>
     <span class='ocr_line' id='line_1_42' title="bbox 265 3774 1336 3871; baseline 0.008 -34"><span class='ocrx_word' id='word_1_315' title='bbox 265 3795 417 3853; x_wconf 84' lang='lat' dir='ltr'>merum,</span> <span class='ocrx_word' id='word_1_316' title='bbox 447 3778 478 3836; x_wconf 91' lang='lat' dir='ltr'>in</span> <span class='ocrx_word' id='word_1_317' title='bbox 501 3774 582 3835; x_wconf 90' lang='lat' dir='ltr'>libro</span> <span class='ocrx_word' id='word_1_318' title='bbox 607 3776 646 3836; x_wconf 89' lang='lat' dir='ltr'>de</span> <span class='ocrx_word' id='word_1_319' title='bbox 667 3777 788 3838; x_wconf 83' lang='lat' dir='ltr'>caelesti</span> <span class='ocrx_word' id='word_1_320' title='bbox 816 3777 986 3840; x_wconf 85' lang='lat' dir='ltr'>hierarchia</span> <span class='ocrx_word' id='word_1_321' title='bbox 1006 3801 1163 3864; x_wconf 77' lang='lat' dir='ltr'>congrue·</span> <span class='ocrx_word' id='word_1_322' title='bbox 1179 3797 1254 3850; x_wconf 85' lang='lat' dir='ltr'>satis</span> <span class='ocrx_word' id='word_1_323' title='bbox 1267 3785 1336 3871; x_wconf 82' lang='lat' dir='ltr'>(rerrl</span> 
     </span>
     <span class='ocr_line' id='line_1_43' title="bbox 282 3859 1343 3951; baseline 0.009 -31"><span class='ocrx_word' id='word_1_324' title='bbox 282 3862 491 3944; x_wconf 81' lang='lat' dir='ltr'>exposuimus,</span> <span class='ocrx_word' id='word_1_325' title='bbox 516 3859 669 3934; x_wconf 83' lang='lat' dir='ltr'>dicentes,</span> <span class='ocrx_word' id='word_1_326' title='bbox 693 3865 754 3938; x_wconf 54' lang='lat' dir='ltr'>&#39;(nt</span> <span class='ocrx_word' id='word_1_327' title='bbox 771 3860 867 3923; x_wconf 87' lang='lat' dir='ltr'>habet</span> <span class='ocrx_word' id='word_1_328' title='bbox 886 3885 972 3941; x_wconf 73' lang='lat' dir='ltr'>sacra</span> <span class='ocrx_word' id='word_1_329' title='bbox 993 3879 1099 3926; x_wconf 85' lang='lat' dir='ltr'>nostra</span> <span class='ocrx_word' id='word_1_330' title='bbox 1126 3875 1277 3951; x_wconf 73' lang='lat' dir='ltr'>traditio)</span> <span class='ocrx_word' id='word_1_331' title='bbox 1294 3889 1343 3930; x_wconf 84' lang='lat' dir='ltr'>nn·</span> 
     </span>
     <span class='ocr_line' id='line_1_44' title="bbox 279 3945 1384 4035; baseline 0.009 -29"><span class='ocrx_word' id='word_1_332' title='bbox 279 3967 350 4006; x_wconf 90' lang='lat' dir='ltr'>nem</span> <span class='ocrx_word' id='word_1_333' title='bbox 368 3966 525 4006; x_wconf 83' lang='lat' dir='ltr'>sacrorum</span> <span class='ocrx_word' id='word_1_334' title='bbox 553 3945 925 4020; x_wconf 72' lang='lat' dir='ltr'>ordinum··2fnnc&#39;tionem‚</span> <span class='ocrx_word' id='word_1_335' title='bbox 954 3952 986 4009; x_wconf 90' lang='lat' dir='ltr'>in</span> <span class='ocrx_word' id='word_1_336' title='bbox 1022 3956 1245 4020; x_wconf 84' lang='lat' dir='ltr'>sanctissimas</span> <span class='ocrx_word' id='word_1_337' title='bbox 1265 3956 1343 4020; x_wconf 65' lang='lat' dir='ltr'>teleta</span> <span class='ocrx_word' id='word_1_338' title='bbox 1381 3996 1384 4035; x_wconf 76' lang='lat'>,</span> 
     </span>
     <span class='ocr_line' id='line_1_45' title="bbox 279 4029 1342 4126; baseline 0.012 -38"><span class='ocrx_word' id='word_1_339' title='bbox 279 4029 397 4106; x_wconf 83' lang='lat' dir='ltr'>dividi,</span> <span class='ocrx_word' id='word_1_340' title='bbox 420 4041 450 4090; x_wconf 91' lang='lat' dir='ltr'>et</span> <span class='ocrx_word' id='word_1_341' title='bbox 469 4033 501 4091; x_wconf 90' lang='lat' dir='ltr'>in</span> <span class='ocrx_word' id='word_1_342' title='bbox 524 4051 591 4106; x_wconf 88' lang='lat' dir='ltr'>eos,</span> <span class='ocrx_word' id='word_1_343' title='bbox 614 4033 669 4113; x_wconf 88' lang='lat' dir='ltr'>qui</span> <span class='ocrx_word' id='word_1_344' title='bbox 692 4031 793 4091; x_wconf 81' lang='lat' dir='ltr'>divina</span> <span class='ocrx_word' id='word_1_345' title='bbox 812 4033 913 4114; x_wconf 89' lang='lat' dir='ltr'>probe</span> <span class='ocrx_word' id='word_1_346' title='bbox 935 4035 1064 4113; x_wconf 90' lang='lat' dir='ltr'>callent,</span> <span class='ocrx_word' id='word_1_347' title='bbox 1088 4038 1247 4126; x_wconf 87' lang='lat' dir='ltr'>aliosque</span> <span class='ocrx_word' id='word_1_348' title='bbox 1266 4059 1342 4105; x_wconf 83' lang='lat' dir='ltr'>sacra·</span> 
     </span>
     <span class='ocr_line' id='line_1_46' title="bbox 274 4114 1383 4230; baseline 0.015 -60"><span class='ocrx_word' id='word_1_349' title='bbox 274 4114 334 4173; x_wconf 84' lang='lat' dir='ltr'>tius</span> <span class='ocrx_word' id='word_1_350' title='bbox 375 4115 545 4204; x_wconf 74' lang='lat' dir='ltr'>imbuunt,</span> <span class='ocrx_word' id='word_1_351' title='bbox 573 4120 677 4200; x_wconf 77' lang='lat' dir='ltr'>:inque</span> <span class='ocrx_word' id='word_1_352' title='bbox 709 4135 786 4192; x_wconf 85' lang='lat' dir='ltr'>eos,</span> <span class='ocrx_word' id='word_1_353' title='bbox 818 4119 873 4197; x_wconf 82' lang='lat' dir='ltr'>qni</span> <span class='ocrx_word' id='word_1_354' title='bbox 908 4117 948 4179; x_wconf 79' lang='lat' dir='ltr'>eb</span> <span class='ocrx_word' id='word_1_355' title='bbox 979 4118 1028 4180; x_wconf 83' lang='lat' dir='ltr'>his</span> <span class='ocrx_word' id='word_1_356' title='bbox 1062 4130 1269 4192; x_wconf 82' lang='lat' dir='ltr'>sanctissime</span> <span class='ocrx_word' id='word_1_357' title='bbox 1287 4144 1340 4213; x_wconf 74' lang='lat' dir='ltr'>pro</span> <span class='ocrx_word' id='word_1_358' title='bbox 1372 4164 1383 4230; x_wconf 66' lang='lat' dir='ltr'><strong>P</strong></span> 
     </span>
    </p>

    <p class='ocr_par' dir='ltr' id='par_1_12' title="bbox 210 4212 960 4263">
     <span class='ocr_line' id='line_1_47' title="bbox 210 4212 960 4263; baseline 0.012 -7"><span class='ocrx_word' id='word_1_359' title='bbox 210 4214 212 4219; x_wconf 84' lang='lat'>&#39;</span> <span class='ocrx_word' id='word_1_360' title='bbox 270 4212 445 4261; x_wconf 83' lang='lat' dir='ltr'>moventur..</span> <span class='ocrx_word' id='word_1_361' title='bbox 478 4224 502 4263; x_wconf 55' lang='grc' dir='ltr'>«ι’</span> <span class='ocrx_word' id='word_1_362' title='bbox 617 4214 637 4245; x_wconf 85' lang='grc'>·’·</span> <span class='ocrx_word' id='word_1_363' title='bbox 694 4238 723 4251; x_wconf 91' lang='lat'>··</span> <span class='ocrx_word' id='word_1_364' title='bbox 956 4240 960 4245; x_wconf 96' lang='lat'>·</span> 
     </span>
    </p>
   </div>
   <div class='ocr_carea' id='block_1_5' title="bbox 0 0 1415 4786">
    <p class='ocr_par' dir='ltr' id='par_1_13' title="bbox 0 0 1415 4786">
     <span class='ocr_line' id='line_1_48' title="bbox 0 0 1415 4786; baseline 0 0"><span class='ocrx_word' id='word_1_365' title='bbox 0 0 1415 4786; x_wconf 95' lang='lat' dir='ltr'> </span> 
     </span>
    </p>
   </div>
  </div>
 </body>
</html>
