2790 4792
265 201 366 275 ,144
471 237 473 247 ·
535 189 615 263 ue
655 188 1118 283 secernendo

284 381 520 468 fidei-praemia
548 384 693 469 ampliora
722 385 931 468 perciperentz
961 387 1030 469 lpso
1055 397 1153 446 tamen
1185 385 1351 467 Domlnlcp

285 482 416 552 corpore
429 473 571 531 existente
582 473 613 530 in
632 470 810 531 caelestibus
825 469 863 528 ad
881 470 1033 543 dexteram
1052 468 1151 530 Patris
1173 473 1352 552 immortali,

283 549 441 637 inviolatoss
464 557 592 637 integro,
619 556 864 628 incontaminato,
892 553 1005 630 illaeso,
1024 567 1059 614 ut
1082 576 1153 614 vere
1184 557 1246 618 dici
1277 581 1355 640 pos-

283 639 324 698 sit
344 651 375 699 et
396 638 498 720 ipsum
511 644 633 722 corpus,
657 639 741 721 quod
762 639 801 699 de
826 640 942 722 virgine
963 651 1116 721 sumptum
1137 653 1192 716 est,
1217 663 1275 701 nos
1298 664 1349 701 su·

282 741 380 803 mere,-
398 734 552 784 et’tamen
573 744 634 782 non
651 725 767 806 ipsum:
810 725 914 804 Ipsum
948 723 1092 804 quidem,
1127 738 1276 804 quantum
1309 728 1345 786 ad

179 868 182 875 ,
285 809 457 882 essentium,
472 828 635 890 ‘veraeque
651 806 785 869 'naturae
806 811 1047 890 proprietatem,
1069 821 1161 889 atquc
1182 816 1345 872 virtutem:

126 918 140 963 ‚¹
282 910 345 950 non
368 893 468 974 ipsum¹
491 906 600 968 autem,
622 893 646 952 si
665 904 783 975 spectes
811 893 896 974 panis
920 894 1043 973 vinique
1071 895 1212 975 speciem,
1246 908 1345 955 caete·

105 949 272 1055 {effabili
284 995 379 1056 reque
401 979 542 1057 superius
576 976 804 1059 comprehensa.
856 976 941 1036 Hanc
974 973 1074 1036 lidem'
1096 981 1195 1039 tenuit
1223 999 1241 1038 a
1266 982 1345 1063 pris-

104 1063 154 1092 ω·
284 1060 327 1118 cis
342 1059 548 1143 temporibus,
572 1072 600 1121 et
619 1081 702 1121 nune
723 1074 805 1121 tenet
826 1060 971 1139 Ecclesia,
993 1082 1071 1144 quae
1089 1082 1145 1144 per
1160 1074 1266 1123 totum
1287 1063 1346 1124 dil-

124 1218 126 1222 ,
283 1143 488 1222 fusaorb'ena,
509 1145 667 1224 Cathollca
691 1148 876 1206 nominatur.
935 1166 938 1172 ·

106 1253 267 1299 nuenarius..
305 1262 310 1275 ›
369 1241 415 1296 1¹.·
441 1230 473 1290 C.
496 1229 728 1291 AMBROSIUS
750 1232 779 1288 in
800 1229 880 1289 libro
904 1229 943 1291 de
972 1229 1019 1304 iis,
1045 1231 1096 1310 qui
1117 1233 1267 1306 mysteriis
1289 1228 1343 1291 ini-

93 1302 224 1394 ξξξξζζξ“
283 1315 408 1393 tiantur,
438 1328 572 1395 cap.'9.:
617 1314 781 1375 Considera
813 1335 914 1389 nunc,
943 1327 1049 1373 utrum
1077 1318 1285 1396 praestantior
1306 1318 1352 1375 sit'

283 1398 575 1482 pauis‘angelorum,
598 1416 635 1458 en
655 1418 728 1462 caro
754 1398 922 1472 CHRISTI,
946 1419 1022 1479 quae
1042 1400 1149 1478 utique
1173 1421 1228 1459 cor
1250 1408 1284 1460 us
1303 1411 1343 1459 est

123 1542 125 1549 ,
283 1484 383 1565 vitae?
398 1485 523 1542 vMen'na
544 1482 623 1542 illud
644 1505 661 1543 e
683 1480 778 1558 caelo,
799 1484 860 1542 hoc
881 1502 973 1564 supra
995 1482 1130 1544 caelum:
1158 1423 1249 1544 illud
1263 1484 1340 1558 caeli,

111 1589 115 1597 ·
178 1632 181 1637 ,
248 1582 252 1591 ·
281 1565 502 1626 hoc·=D'omini
530 1567 698 1627 caelorumz
725 1567 801 1627 illud
833 1569 1027 1649 corruptioni
1058 1567 1249 1642 obnoxium,
1271 1570 1341 1628 si'in

218 1693 221 1700 -
283 1650 513 1709 diem2elterum
529 1664 712 1728 servaretur,
733 1650 793 1710 hoc
815 1651 944 1711 alienum
965 1650 1004 1710 ab
1029 1654 1111 1711 omni
1131 1657 1340 1737 corruptione:

122 1787 126 1794 ,
209 1790 213 1798 ,
282 1733 376 1810 Quod
399 1735 577 1816 quicunque
599 1735 739 1818 religiose
761 1737 947 1817 gustaverit,
977 1739 1203 1818 corruptionem
1236 1739 1342 1798 sentire

233 1844 237 1849 ²
279 1813 497 1899 nonpoteri't.
553 1817 614 1877 Illis
650 1840 726 1879 aua
758 1820 796 1877 de
828 1829 915 1900 petra
944 1817 1047 1897 fluxit,
1086 1819 1144 1879 tibi
1181 1825 1342 1905 sanguise
1383 1826 1387 1897 '3

229 1936 246 1947 -·
279 1892 473 1961 eflfflsT0=
515 1900 588 1963 Illos
614 1903 652 1962 ad
668 1842 782 1985 liorem
804 1905 922 1961 satiavit
942 1924 1038 1983 aqua,
1061 1915 1090 1963 te
1112 1909 1235 1985 sanguis
1258 1905 1342 1965 diluit
1385 1946 1387 1963 2

279 1987 312 2044 iu
335 1998 498 2045 aeternum.
540 1984 673 2047 Judaeus
691 1985 772 2045 bibit
794 1998 823 2044 et
843 1990 927 2062 sitit:
959 1998 994 2045 tu
1025 2008 1093 2046 cum
1115 1987 1241 2066 biberis,
1260 1991 1341 2048 sitire
1385 1986 1387 1993 ’

278 2090 348 2151 non,
359 2073 504 2152 poteris·
533 2071 574 2129 Et
600 2071 677 2130 illud
698 2068 859 2147 inumbra,
882 2070 941 2151 hoc
966 2074 997 2130 in
1020 2075 1159 2137 veritate.
1204 2070 1337 2146 Si'illud,

116 2224 120 2233 ι
150 2228 153 2234 Ι
282 2154 370 2236 quo'd
390 2158 519 2234 mireris,
543 2154 653 2216 umbra
669 2167 728 2215 est:
752 2167 895 2237 quantum
915 2150 998 2215 istud
1018 2168 1071 2231 est,
1099 2159 1189 2237 cujus
1226 2170 1255 2219 et
1275 2179 1340 2217 um-

201 2234 204 2239 *
238 2241 248 2312 f*
283 2239 382 2300 bram-
400 2241 539 2324 mira'ris?
581 2230 663 2301 Audi
686 2243 767 2322 q-uia'·
785 2241 895 2300 umbre
924 2252 985 2315 cst,
1021 2261 1098 2321 quae
1130 2243 1215 2324 apud
1241 2239 1341 2302 Patres

99 2341 101 2347 ·
183 2354 199 2363 ··
232 2340 257 2401 ᾖ
283 2326 363 2386 facte
380 2325 642 2405 'estss*Bibebaut‚
662 2328 773 2408 inquit,
796 2326 834 2385 de
856 2332 1060 2405 consequente
1080 2347 1129 2385 eos
1151 2339 1260 2408 petrae
1293 2347 1344 2409 pe·

109 2415 130 2453 1·
138 2407 197 2473 ,⁰⁰¹·
207 2413 239 2453 ¹⁰⁸
251 2413 271 2452 t.
284 2423 330 2493 tre
352 2425 451 2472 autem
474 2424 540 2471 erut
561 2410 767 2472 CHRISTUS.
789 2428 792 2433 ·
816 2411 876 2470 Sed
909 2430 972 2468 non
1005 2411 1036 2467 in
1065 2411 1206 2492 pluribus
1244 2431 1343 2472 eorum

284 2496 496 2578 complacitum
518 2508 562 2555 est
582 2498 668 2558 Deo:
690 2519 758 2556 nam
784 2496 940 2578 prostrati,
956 2506 1026 2553 sunt
1050 2496 1080 2552 in
1104 2495 1236 2555 deserto.
1281 2496 1344 2554 Haec

120 2582 203 2656 1205„
214 2614 271 2655 vert·
283 2592 384 2639 autem
405 2583 436 2639 in
449 2579 577 2662 figuram
591 2582 671 2642 facta
687 2593 755 2642 sunt
770 2582 873 2641 nostri.
917 2579 1090 2662 Cognovisti
1106 2577 1343 2662 praestantiora?
1385 2606 1387 2649 ;

53 2704 56 2711 ι
108 2667 230 2766 {ww
280 2666 562 2748 potiorem-enim
591 2663 663 2741 lux,
693 2686 782 2747 quam
812 2664 1098 2738 umbem-revisas,
1122 2684 1214 2745 quam
1235 2663 1343 2746 ligura:

181 2738 188 2752 ⁹
283 2768 396 2831 corpus
419 2753 562 2823 auctoris,
586 2768 676 2829 quam
698 2770 806 2808 manna
826 2750 863 2808 de
879 2747 973 2808 caelo.
993 2772 997 2785 ·
1015 2748 1110 2806 Forte
1132 2749 1232 2807 dices:
1256 2745 1342 2808 Aliud

126 2905 129 2914 Ι
167 2903 171 2913 ,
229 2906 232 2915 ¹
282 2833 383 2905 uideo,
407 2834 565 2914 quomodo
592 2846 629 2893 tu
649 2833 722 2892 mihi
747 2836 864 2908 asseris,
887 2831 971 2915 quod
995 2832 1154 2891 CHRISTI
1166 2852 1344 2916 corpusec·

189 2923 192 2931 '
229 2927 232 2934 '
282 2918 412 3002 cipiaml
465 2919 506 2978 Et
534 2916 727 2978 ³hoo'nobis
757 2917 861 2976 'adbuc
895 2928 1050 2997 superest,
1092 2928 1129 2975 ut
1170 2917 1346 2998 probemus.

171 3026 174 3034 ’
231 3078 233 3082 Ι
282 3005 412 3081 Quuutis¹
433 3005 526 3087 igitur
548 3005 664 3062 utimur
685 3002 835 3084 exemplis,
862 3014 895 3060 ut
908 3002 1082 3083 probemus,
1105 3021 1167 3060 non
1192 3000 1256 3062 hoc
1276 3020 1341 3074 esse,

218 3077 222 3085 ⁴
282 3085 506 3170 quod²natura
539 3088 702 3159 formavit,
730 3087 783 3146 sed
818 3086 901 3165 quod
933 3083 1106 3144 benedictio
1140 3088 1343 3147 consecravit:

281 3177 491 3255 majoremque
512 3176 571 3231 vim
595 3194 658 3234 esse
679 3170 909 3246 benedictionis,
931 3190 1022 3251 quam
1043 3181 1178 3242 naturae,
1202 3173 1275 3252 quia
1295 3170 1344 3229 b'e·

92 3308 102 3321 e
282 3258 455 3317 nedictione
476 3260 564 3318 etiam
585 3266 694 3317 natura
707 3259 773 3337 ipsa
785 3254 937 3314 mutatur?
965 3254 1103 3335 ·Virgam
1124 3253 1250 3313 tenebat
1262 3252 1345 3328 Moy·

107 3337 341 3440 &diullio-⁸5³5
362 3344 499 3439 projecit
520 3363 601 3445 eam,
617 3353 647 3441 et
668 3342 747 3439 facta
778 3353 822 3439 est
841 3359 975 3445 serpens.
1029 3338 1144 3396 Rursus
1180 3338 1345 3437 eppreben·

108 3449 185 3494 rarum
202 3441 274 3476 muta·
286 3427 331 3485 drt
351 3425 478 3487 caudam
499 3436 660 3508 serpentis,
686 3437 715 3485 et
737 3446 767 3483 1n
793 3445 895 3508 virgae
917 3434 1056 3481 naturam
1077 3435 1252 3482 revertitur.
1270 3459 1273 3467 =
1292 3416 1344 3480 Vr·

108 3491 205 3526 ‘mm'
286 3511 338 3569 des
360 3512 453 3591 igitur
483 3511 658 3592 prephetice
691 3512 785 3591 gratia
815 3508 862 3569 bis
895 3519 1036 3566 mutatam
1065 3527 1130 3566 esse
1161 3514 1345 3567 numeraret

46 3613 49 3620 '
88 3600 228 3668 “epodajs.
240 3629 274 3671 sq.
285 3595 434 3675 serpentis
457 3607 487 3653 et
507 3596 630 3676 virgae?
674 3595 847 3654 Cur-rebant
867 3592 997 3673 Aegypti
1016 3589 1139 3649 llumina
1153 3611 1237 3672 puro
1258 3610 1345 3672 equa·

142 3702 144 3707 ·
285 3692 487 3751 rummeatu,
509 3677 614 3739 subito
646 3679 684 3738 de
706 3680 834 3737 fontium
859 3679 942 3734 venis
973 3677 1092 3757 sanguis
1122 3678 1228 3757 coepit
1253 3694 1347 3734 erum·

283 3782 365 3847 pere.
409 3763 480 3823 Nou
502 3776 567 3823 erat
588 3775 681 3846 potus
703 3765 733 3821 in
758 3761 863 3843 llpviis.
906 3759 1023 3818 Rursus
1044 3759 1082 3817 ad
1099 3759 1348 3841 prophetaepre·

286 3868 334 3907 ces
357 3866 452 3907 eruor
474 3850 600 3925 pessavit
611 3846 778 3919 fluminum,
803 3848 949 3924 aquarum
970 3855 1078 3901 natura
1091 3847 1243 3908 remeavit„
1287 3841 1349 3901 Gir·

286 3931 459 3992 eumelusus
480 3932 618 4013 undique
640 3945 704 3991 erat
721 3929 858 4010 populus
882 3926 1113 4002 Hebraeorum,
1138 3926 1212 3986 hine
1233 3927 1349 4011 Aegyp·

111 4032 183 4081 Exod-
198 4019 339 4084 1t‚1stiis
352 4014 500 4090 uallatus,
519 4015 592 4075 inde
612 4018 688 4076 mari
710 4015 837 4073 clausus.
880 4011 1007 4095 Virgem
1029 4011 1138 4071 levavit
1150 4013 1284 4088 Moyses,
1307 4029 1346 4069 se·

231 4102 235 4114 ‘
288 4101 409 4192 pererit
430 4119 462 4162 se
483 4119 584 4188 aqua,
606 4111 636 4163 et
662 4101 694 4164 in
715 4116 872 4162 murorum
894 4098 1026 4182 speciem
1052 4095 1243 4184 congelavit,
1265 4108 1348 4178 atque

398 4283 410 4359 l
