2790 4792
314 305 784 407 ¹-aar'rrsrnr
1088 312 1140 414 en

34 572 36 583 ·
68 533 185 591 merito
212 529 383 590 ereduntur
410 549 465 610 per
491 519 618 587 Domini
645 523 821 607 sanguinem
842 527 880 586 ab
901 538 1033 589 extremo
1058 545 1136 609 sup-

71 615 173 698 plicio·
200 615 337 689 liberati,
375 634 436 672 nnn
454 624 555 673 tamen
573 612 605 668 in
632 608 686 669 iila
707 612 769 668 vita
789 624 962 671 meruerunt
981 611 1021 671 ad
1042 631 1136 693 para·

73 697 177 756 disum
193 699 351 758 revocari:
373 698 413 756 sic
436 708 466 754 et
484 716 556 765 earn
574 694 715 775 peccati„
737 695 850 752 etiamst
870 698 1001 754 remissis
1023 714 1135 776 peeca-

33 842 36 851 ,
73 783 113 840 tis
141 780 233 842 homa
265 784 296 841 in
331 802 364 840 ea
384 783 464 861 juste
483 780 615 852 vixerit,
648 797 712 835 non
735 779 883 837 continuo
907 793 1043 838 meretur
1070 799 1137 845 eam

70 876 203 923 mortem
235 887 297 925 non
322 864 463 948 perpeti,
495 882 588 944 quam
623 861 715 921 traxit
746 859 783 920 de
818 882 893 944 pro¹
936 865 984 922 ine
1006 864 1133 944 peceati.

71 947 146 1005 Tale
175 938 291 1030 aliquid
317 948 408 1008 nobis
439 948 627 1005 insinuatum
659 956 705 1002 est
729 943 766 1002 de
786 947 919 1026 patriarc
943 967 960 1005 a
980 945 1081 1006 David
1102 947 1135 1009 iu
1164 956 1177 1001 t

70 1030 154 1090 libro
186 1033 386 1114 Regnorum,
427 1031 468 1089 ad
503 1048 595 1108 quem
627 1025 781 1108 propheta
812 1048 880 1087 eum
912 1031 1019 1089 missus
1048 1041 1305 1106 essetenogaas·

71 1116 161 1195 eique
191 1130 321 1199 propter
348 1127 526 1199 peccatum,
561 1111 649 1191 quod
671 1114 880 1187 tommiserat,
903 1126 1048 1175 eventura
1070 1104 1297 1192 ma-i‘i‘mnou

70 1196 99 1257 la
128 1218 163 1256 ex
184 1200 346 1260 iracundia
369 1200 428 1256 Dei
453 1196 704 1270 comminaretur,
727 1195 919 1255 confessione
940 1198 1059 1277 peccati
1084 1189 1309 1289 ve·„‘},¹¹,¹,⁵2⁸{¹3„‚

69 1282 152 1341 niam
181 1288 319 1359 meruit,
348 1279 565 1361 respondente
589 1277 758 1360 propheta,
792 1279 879 1359 quod
898 1278 980 1336 iliud
999 1281 1028 1337 ei
1051 1277 1282 1372 flagi-hnoffif

71 1375 146 1424 trum
186 1367 372 1448 facinusque
402 1364 559 1421 remissurn
583 1365 638 1438 sit,
660 1372 711 1420 ⁴et
747 1372 849 1420 tamen
874 1374 1034 1421 consecuta
1061 1375 1141 1437 sunt,
1174 1392 1250 1435 quau.

71 1469 151 1528 quae
179 1448 265 1508 Deus
296 1449 400 1505 fuerat
422 1446 636 1519 comminatus,
653 1456 710 1503 ···ut
730 1446 773 1503 sic
793 1444 1008 1504 humiliaretur
1027 1466 1044 1504 a
1067 1444 1140 1504 filio.

70 1532 182 1605 Quare
214 1543 246 1590 et
266 1530 320 1587 hie
349 1549 409 1588 non
435 1529 571 1603 dicitur,
591 1529 617 1586 si
634 1528 718 1587 Deus
741 1541 1048 1610 propterpeeeatum
1063 1528 1142 1588 illud
1199 1604 1204 1613 .

70 1613 180 1673 fuerat
205 1613 421 1686 comminatus,
450 1607 507 1672 cur
528 1611 651 1673 dimisso
669 1623 815 1695 peccato,
847 1613 939 1694 quod
959 1625 1024 1674 erat
1042 1616 1141 1672 mina-

70 1708 136 1771 tus,
159 1694 321 1776 implevit,
355 1696 411 1754 nisi
434 1697 506 1776 quia
536 1696 713 1770 rectissime,
748 1697 773 1753 si
805 1697 849 1774 sic
884 1696 1000 1757 dietum
1031 1697 1137 1774 fuerit,

72 1777 324 1858 respondebitur
360 1781 562 1838 remissionem
587 1779 669 1837 'iilam
696 1782 813 1860 peceati
834 1781 959 1856 factam,
984 1802 1021 1840 ne
1042 1780 1136 1840 homo

69 1883 91 1922 a
119 1862 320 1942 percipienda
350 1865 410 1925 vita
437 1862 638 1945 impediretur
672 1863 807 1923 aeterua:
841 1865 1038 1924 subsecutum
1063 1887 1137 1925 vero

70 1944 156 2004 iliius
178 1947 417 2007 comminationis
439 1936 593 2022 effectum,
616 1957 650 2004 ut
666 1948 761 2027 pietas
771 1947 902 2010 hominis
911 1951 944 2009 in
962 1949 1014 2009 illa
1032 1948 1137 2008 humi-

70 2028 155 2087 litate
173 2043 368 2089 exerceretur
384 2042 474 2112 atque
502 2029 698 2111 prebaretur.
741 2031 793 2090 sic
819 2046 850 2091 et
874 2046 1004 2094 martem
1019 2055 1134 2116 corpo-

71 2117 115 2172 ris
136 2126 267 2194 propter
288 2113 351 2173 hcc
370 2127 529 2196 peccatum
547 2115 629 2173 Deus
644 2114 761 2176 homini
773 2115 897 2194 inflixit,
918 2129 948 2177 et
970 2129 1044 2198 post
1060 2139 1135 2200 pec·
1238 2132 1241 2137 “

72 2207 211 2337 οῑᾶῑονξιω
238 2199 461 2277 remissionem,
504 2209 634 2284 propter
667 2199 864 2267 exercendam
891 2202 1041 2284 justitiam
1072 2221 1136 2261 nou

74 2298 92 2339 a
116 2290 193 2340 emit.
434 2308 438 2313 ·
490 2302 497 2317 *
801 2310 807 2315 ·

571 2484 639 2600 ir.
692 2461 698 2473 “

70 2716 181 2826 Quid
218 2749 241 2801 a
271 2718 392 2803 nobis
420 2718 592 2832 requirit
620 2734 842 2832 acceptum¹
870 2719 970 2802 tanti
997 2717 1136 2802 ‘sacra-

384 2858 512 2940 menti
544 2857 832 2966 beneficium?-
867 2842 871 2847 ³

174 3066 217 3134 A.
267 3065 426 3136 Primum
447 3069 470 3139 ¹a
494 3070 602 3142 nobis
626 3092 804 3142 summam
828 3065 994 3163 postulat
1020 3080 1057 3134 et
1083 3088 1136 3134 as·
1181 3151 1184 3157 Ι

67 3177 356 3258 siduam'animi
381 3167 655 3286 gratitudinem,
680 3211 721 3263 ut
745 3187 1019 3290 praedicemus,
1040 3211 1137 3256 ame·

66 3332 150 3379 mus
191 3325 230 3378 et
257 3310 487 3385 celebremus
527 3339 630 3400 enm,
662 3315 749 3408 ‘qui
783 3311 989 3382 secundum
1026 3319 1275 3420 seraing-25³2

68 3430 365 3504 misericordiam
395 3437 520 3506 salvos
551 3461 614 3507 nos
632 3420 731 3533 fecit
759 3459 825 3528 per
846 3435 1043 3513 lavacrum
1062 3435 1136 3502 nac

68 3557 358 3646 regenerationis
372 3568 408 3628 et
429 3559 678 3637 renovationis
692 3558 853 3650 Spiritus
866 3557 1011 3626 sancti.-
1027 3580 1135 3648 quem

68 3669 209 3776 effudit
233 3679 274 3746 in
306 3702 371 3748 nos
401 3681 550 3751 abunde
571 3704 635 3772 per
652 3686 777 3754 Iesum
799 3680 990 3749 Christum
1016 3680 1136 3750 dami-

70 3776 163 3866 uuin
185 3809 380 3887 nostrum,
408 3813 452 3873 ut
471 3801 676 3905 justificati
700 3802 827 3896 gratia
846 3802 978 3893 ipsius,
1008 3802 1134 3875 haere·

75 3916 131 3988 des
148 3921 267 3994 simus
292 3927 498 3998 seeundum
519 3951 621 4022 spem
644 3927 745 4000 vitae
765 3920 951 3994 aeternae,

166 4069 212 4145 Β.
266 4070 416 4143 Deinde
437 4073 492 4144 sie
515 4072 627 4170 hujus
659 4069 880 4144 sacramenti
899 4070 1118 4168 mysterium·
1144 4088 1306 4189 diffidi&

71 4192 393 4299 rememorandum
418 4212 494 4278 est,
526 4211 568 4267 ut
592 4192 795 4268 identidem
819 4220 861 4267 sa
883 4194 1006 4293 ipsum
1030 4193 1132 4290 quis.
1143 4202 1229 4232 nnn·
