2782 4786
259 322 359 431 ’,356
440 286 447 298 Γ
528 334 1122 415 nusac‘RhM'EttTO
1206 384 1207 387 a

281 535 473 624 prehendere
492 526 627 597 omnino
639 555 703 596 non
726 543 876 615 possunt,
899 543 991 615 atque
1011 541 1141 616 urgente
1162 533 1260 611 exitu,
1287 537 1359 598 sub-

108 646 164 688 tue.
179 647 213 690 22,
226 624 259 684 ts·
280 625 382 686 tiliore
403 634 559 680 terrentur
579 631 670 687 metu,
714 618 803 678 Unde
816 618 991 701 redemptor
1002 629 1109 677 noster
1128 617 1278 678 solutioni
1291 643 1357 683 car-

283 712 331 769 nis
351 707 670 788 appropinquans‚·et
686 703 900 762 membrorum
923 724 1018 762 suoru
1060 720 1193 791 ,servans
1219 709 1356 786 speeiem,

283 795 381 853 factus
402 792 434 848 iu
452 791 570 874 agonia,
593 790 695 871 coepit
717 787 867 871 prolixius
890 808 988 846 orare.
1020 725 1118 862 ¹Quid
1140 789 1223 846 euim
1250 811 1307 872 pro
1328 815 1356 853 se

282 879 351 952 ille,
365 896 433 934 cum
458 877 491 933 iu
517 877 627 956 agonia
641 886 727 947 esset,
746 883 876 956 peteret,
900 873 1007 953 quiin
1031 884 1111 930 terra
1135 873 1269 954 positus,
1293 896 1358 937 cae·

283 961 371 1022 lestia
392 979 462 1018 cum
490 970 641 1040 potestate
659 956 836 1016 tribuebat?
879 956 940 1016 Sed
960 958 1232 1038 appropinquante
1252 973 1356 1037 morte,

282 1057 404 1105 nostrae
424 1045 531 1102 mortis
556 1044 587 1101 in
615 1061 646 1103 se
678 1054 828 1100 certamen
862 1042 1023 1124 erpressit,
1046 1042 1099 1121 qui
1121 1042 1183 1098 vim
1206 1043 1358 1124 quandam

282 1125 411 1189 terroris
433 1149 468 1187 ae
482 1126 656 1187 formidinis
678 1129 834 1208 patimur,
868 1145 1013 1207 comper
1045 1124 1231 1185 solutionem
1263 1133 1358 1192 carnis

283 1226 409 1274 aeterno
432 1214 672 1294 propinquamus
690 1209 827 1290 judicio(
863 1211 970 1291 Neque
993 1210 1072 1267 enim
1094 1219 1169 1268 tunc
1191 1213 1359 1292 cujuslibet

283 1299 381 1359 anima
398 1298 548 1356 immerito
568 1299 711 1370 terretur,
735 1292 861 1375 quaudo
885 1305 959 1376 post
977 1293 1124 1375 pusillum
1149 1293 1215 1355 boc
1237 1300 1359 1376 invenit,

282 1382 377 1464 quod
390 1384 422 1440 in
445 1392 598 1440 aeternum
619 1390 739 1437 mutare
760 1399 823 1438 non
845 1380 954 1459 possit.

292 1510 294 1514 .
325 1500 331 1507 ·
367 1477 414 1532 5.·
440 1465 496 1524 ΕΤ
518 1485 583 1546 cap.
607 1477 674 1530 18.t
718 1463 951 1523 Consideremus
972 1465 1097 1545 quippe,
1121 1464 1208 1545 quod
1223 1467 1303 1527 viam
1321 1469 1360 1527 vi-

283 1563 332 1611 tae
353 1550 520 1632 praesentis
542 1568 737 1629 nequaquam
759 1537 927 1629 sineculpa
940 1551 1070 1606 transire
1085 1552 1265 1629 potuimusz
1288 1573 1360 1612 con·

174 1686 185 1707 ,
284 1622 450 1694 sideramus
463 1638 563 1708 etiam,
585 1635 657 1714 quia
681 1631 814 1692 nechoc·
830 1632 954 1712 quidem
973 1637 1038 1691 sine
1059 1631 1165 1714 aliquo
1178 1648 1268 1696 reatu
1288 1657 1359 1696 nos·

283 1729 335 1779 tro
357 1730 412 1795 est,
435 1718 523 1800 quod
543 1714 741 1777 laudabiliter
761 1717 918 1800 gessimus,
941 1717 967 1775 si
988 1728 1103 1775 remota
1125 1716 1242 1803 pietate
1276 1721 1359 1802 judi·

286 1823 401 1862 cemur.
439 1824 443 1830 ¹
468 1836 473 1849 ·
788 1850 791 1855 .
951 1876 956 1881 Α

371 1885 449 1961 Quis
471 1884 551 1944 enim
570 1895 708 1944 nostrum
729 1881 820 1943 vitam
836 1881 1084 1966 praecedentium
1106 1895 1231 1966 patrum
1265 1887 1360 1949 valeat

79 1995 91 2013 ··
110 1982 258 2034 reu-stne
287 1967 335 2027 vel
356 1985 510 2049 superare,
523 1963 579 2026 iel
601 1967 744 2048 assequil
787 1969 829 2027 Et
850 1980 955 2027 tamen
977 1968 1076 2028 David
1105 1971 1195 2028 dicit:
1238 1969 1285 2029 Ne
1307 1975 1377 2030 in-'

286 2062 352 2111 tres
370 2055 403 2109 in
424 2051 575 2131 judicium
599 2071 669 2110 cum
690 2071 778 2110 servo
798 2063 874 2113 tuo:
898 2051 970 2131 quia
994 2074 1056 2113 non
1081 2050 1298 2134 justificabitur
1319 2058 1351 2114 in

287 2147 456 2219 conspectu
484 2147 541 2196 tuo
569 2137 667 2195 omnis
694 2140 806 2194 vivens.
848 2135 962 2195 Paulus
991 2159 1060 2196 cum
1092 2136 1223 2196 diceret:
1266 2137 1353 2225 Nihil

287 2219 362 2279 mibi
386 2220 525 2280 conscius
546 2239 624 2281 sum:
648 2230 735 2279 caute
759 2218 933 2302 subjunxit:
976 2221 1037 2280 Sed
1065 2240 1125 2280 non
1147 2223 1177 2280 in
1200 2219 1264 2280 hoc
1287 2224 1355 2302 ius-

113 2324 250 2369 econam.
287 2301 435 2365 sificatue
454 2324 528 2363 sum.
570 2302 704 2365 lacobus
728 2302 823 2364 dicit:
866 2305 903 2364 ln
933 2304 1036 2364 multis
1065 2307 1145 2364 enim
1175 2305 1354 2365 offendimus

112 2375 275 2469 {f}2{,?',‚²5,
287 2395 401 2453 omnes.
443 2390 573 2449 loannes
596 2388 687 2448 dicit:
729 2386 762 2446 Si
796 2389 980 2466 dixerimus,
1004 2392 1075 2471 quia
1104 2404 1266 2472 peccatum
1296 2411 1355 2450 non

287 2472 444 2548 habemus,
468 2474 526 2555 ipsi
552 2494 611 2533 nos
634 2472 824 2548 seducimus,
847 2484 877 2532 et
896 2476 1008 2534 veritas
1040 2477 1072 2532 in
1096 2474 1188 2534 nobis
1222 2486 1354 2534 nomast

289 2557 376 2632 Quid
400 2578 471 2639 ergo
493 2559 605 2617 facient
623 2555 760 2634 tabulae,=
779 2559 956 2617 si=ttemunt
974 2558 1152 2618 columnae?
1192 2559 1258 2618 Ait
1281 2580 1355 2640 quo·

287 2641 380 2699 modo
411 2640 541 2722 virgulta
564 2641 726 2699 immobilia
748 2642 889 2718 stabunt,
924 2643 949 2701 si
970 2642 1065 2722 hujus
1087 2646 1212 2724 pavoris
1234 2645 1354 2703 turbine

112 2757 189 2798 utun
206 2757 265 2817 ,um
290 2727 379 2784 etiam
409 2725 494 2783 cedri
528 2725 725 2804 quatiunturl
767 2725 921 2786 Solutioni
951 2747 1028 2809 ergo
1051 2730 1153 2788 carnis
1188 2731 1354 2811 appropin-

113 2810 189 2894 ἓξὲξ
200 2821 397 2896 ἔξω-(μῆτις,
418 2828 636 2891 nonuunquam
656 2819 776 2869 terrore
798 2810 949 2870 vin'dictae
972 2813 1059 2870 etiam
1077 2814 1153 2892 justi
1176 2816 1275 2873 anima
1292 2826 1355 2872 tur-

114 2909 160 2943 tur·
288 2891 390 2952 batur.
433 2891 489 2950 Cui
511 2894 567 2951 etsi
589 2891 666 2973 quid
686 2893 886 2974 tranquillum
909 2895 940 2953 in
959 2893 1017 2954 hac
1038 2898 1100 2955 vita
1121 2911 1231 2979 sapere
1251 2900 1354 2981 potuit,

59 3025 61 3030 .
112 2953 164 3053 Ἰὼ
180 2961 215 3019 ⁵³³
232 2961 265 2999 ²⁰·
287 2977 394 3036 mortis
415 2975 546 3039 articulo
571 2977 789 3036 interveniente
827 2981 1020 3055 concutitur,
1049 2992 1084 3040 ut
1117 2983 1193 3061 -jure
1216 2982 1278 3042 dici
1305 2982 1353 3041 de·

286 3059 378 3119 beat:
397 3080 401 3084 ·
420 3058 644 3119 Abominabilis
664 3059 700 3120 fit
718 3063 745 3120 ei
757 3063 850 3143 'panis
867 3063 897 3121 in
919 3065 981 3122 rita
1000 3083 1068 3141 sua,
1097 3068 1127 3124 et
1144 3068 1264 3140 animae
1292 3069 1349 3146 ejus

286 3144 374 3203 cibus
398 3156 466 3203 ante
489 3143 706 3205 desiderabilis.
748 3145 808 3206 Ve'l
831 3159 914 3207 certe
934 3161 1062 3230 propter
1085 3153 1209 3231 pavoris
1227 3171 1349 3232 poenam

285 3227 357 3304 hoc,
375 3227 459 3308 quod
474 3228 537 3288 illic
559 3227 717 3288 subditur:
758 3222 1031 3315 Appropinquabit
1051 3237 1252 3316 corruptioni
1264 3235 1351 3296 anima

286 3314 365 3391 ejus,
390 3325 420 3372 et
440 3314 501 3371 vite
520 3313 618 3388 illius,
631 3313 807 3373 mortiferis.

369 3408 397 3463 4.
438 3396 545 3454 IDEM
563 3398 732 3479 Gregorius
756 3396 884 3458 homilia
906 3411 956 3466 39.
981 3401 1012 3459 in
1033 3398 1216 3484 Evangeliaz
1263 3403 1347 3488 Cogi-

112 3479 410 3560 cavasanatandum
428 3478 514 3537 valde
538 3491 590 3556 est,
612 3494 759 3562 quantum
773 3482 864 3549 nobis
892 3486 951 3546 erit
969 3484 1115 3549 terribilis
1136 3485 1216 3546 hora
1236 3501 1347 3548 nostrae

76 3598 78 3603 <
110 3558 137 3588 ¹⁸
159 3556 249 3593 ”⁰¹⁸⁸
284 3563 489 3638 resolutionis,
521 3565 575 3644 qui
601 3585 699 3646 pavor
719 3562 843 3644 mentis,
869 3579 983 3648 quanta
1002 3581 1076 3628 tunc
1093 3573 1233 3630 omnium
1262 3573 1347 3632 malo·

286 3666 353 3706 rum
377 3647 529 3720 memoria,
549 3667 628 3728 quae
650 3648 766 3710 oblivio
787 3663 956 3713 transactae
973 3653 1144 3728 felicitatis,
1178 3676 1263 3736 quae
1293 3657 1349 3716 for·

142 3786 245 3825 mm·
285 3731 368 3791 mido
392 3744 422 3791 et
444 3731 649 3792 consideratio
671 3734 795 3814 judicis.
815 3736 927 3797 *Tunc
946 3737 1067 3820 maligni
1090 3740 1234 3820 spiritus,
1267 3760 1343 3823 egre·

148 3850 155 3864 ·
286 3816 388 3876 diente
405 3816 512 3890 anima,
534 3836 589 3875 sua
608 3836 703 3899 opera
720 3822 889 3902 requirunt.
933 3823 1019 3881 Tunc
1037 3821 1123 3897 mala,
1148 3845 1232 3904 quae
1252 3843 1342 3884 suase-

285 3912 366 3976 runt,
389 3900 557 3982 replicant,
588 3912 624 3959 ut
648 3921 762 3963 sociam
789 3900 828 3964 ad
848 3917 1003 3966 tormenta
1033 3905 1166 3965 trahant.
1213 3907 1276 3969 Sed
1293 3927 1345 3967 cur

283 3982 346 4042 hoc
373 3984 410 4044 de
433 4006 574 4068 perversa
596 3985 786 4048 solummodo
812 3992 910 4050 anima
938 3991 1076 4062 dicimus,
1105 4011 1175 4048 cum
1198 3994 1242 4053 ad
1272 3993 1349 4053 elec-

278 4077 326 4127 tos
345 4088 469 4150 quoque
486 4071 674 4153 egredientes
694 4073 824 4149 veniant,
847 4085 878 4132 et
904 4077 1042 4133 suumin
1067 4075 1135 4148 illis,
1165 4076 1190 4134 si
1219 4099 1347 4159 praera-

200 4222 204 4228 .
276 4149 368 4226 leant,
388 4153 505 4234 aliquid
526 4157 693 4236 requirant.
736 4157 822 4216 Unus
836 4169 943 4217 ‘autem
971 4160 1001 4217 in
1024 4158 1201 4219 homiuibus
1223 4165 1347 4239 exstitit,

275 4237 329 4316 qui
350 4249 418 4301 ente
439 4241 611 4322 passionem
628 4256 717 4316 suam
735 4239 1037 4305 liber-avocesdixitz
1077 4244 1144 4306 Jam
1166 4264 1233 4308 non
1251 4246 1347 4310 multa
