2790 4792
417 358 422 363 -
492 265 792 393 eneruis.
1091 334 1174 406 ³05

50 552 74 612 η
98 510 199 598 qualis
220 513 272 576 ille
294 512 358 591 est,
392 513 527 598 quinon
550 506 665 573 meruit
681 506 841 574 ordinarii
879 508 969 574 Sicut
988 515 1069 575 enim
1092 515 1169 578 boni

50 615 73 677 ,t
99 602 202 683 operis
231 600 290 658 sibi
305 609 458 680 comparat
478 598 636 670 fructum,
662 595 714 675 qui
736 604 852 652 rectum
870 605 953 656 tenet
978 601 1008 658 in
1025 601 1167 685 eligendo

51 716 71 761 1
99 684 260 744 sacerdote
278 683 444 766 judicium:
465 682 507 742 ita
523 678 607 765 gravi
621 688 716 736 semet
738 679 837 760 ipsum
858 678 955 738 afficit
966 680 1086 763 damno,
1112 689 1167 768 qui

50 792 70 847 ,ᾗ
97 768 141 827 ad
167 787 241 826 suae
266 767 418 850 dignitatis
435 765 598 849 collegium
625 761 770 821 sublimat
785 761 955 844 indignum.
996 767 1065 828 Non
1086 773 1166 833 enirn

55 894 68 957 ,
98 851 134 909 in
159 852 484 933 cujusquam-persona
503 844 806 931 praetermittendum
827 842 909 924 est,'·
927 850 1013 927 quod
1043 855 1167 914 institn-

50 980 66 1019 ,.
94 935 141 993 tis
168 934 356 1017 generalibus
375 934 571 1007 continetur,
594 950 651 988 nec
678 930 832 1011 putandus
854 940 904 989 est-
924 930 1027 993 bonor
1047 936 1098 996 ille
1120 938 1167 998 le-

61 1032 65 1041 ·
92 1019 236 1100 gitimus,
270 1020 324 1099 qui
355 1018 451 1077 luerit
475 1016 514 1074 de
538 1015 799 1087 praevaricatione
830 1014 970 1092 collatus.
1012 1018 1053 1078 Et
1073 1021 1166 1102 paulo

55 1148 62 1187 Ι
88 1113 190 1184 post:
210 1104 321 1163 Merito
338 1102 503 1162 beatorum
519 1110 643 1182 patrum
666 1099 854 1159 venerabiles
879 1101 1070 1179 sanctiones,
1097 1126 1166 1164 cum

63 1194 67 1201 '
91 1184 137 1249 de
167 1187 358 1246 sacerdotum
386 1184 536 1248 electione
560 1181 782 1264 loquerentur,
809 1202 863 1242 eos
884 1182 1014 1243 demum
1038 1187 1337 1257 idoneostualesprn.

50 1232 70 1355 ζ’
89 1273 187 1330 neris
216 1266 531 1347 administrationibus
550 1279 714 1341 censuere,
730 1287 865 1349 quorum
893 1270 990 1327 omnis
1011 1282 1116 1348 aetas,
1148 1243 1312 1334 ammi

50 1404 57 1439 Ι
90 1354 264 1438 puerilibus
283 1351 418 1413 exordiis
436 1370 535 1432 usque
551 1352 590 1411 ud
606 1351 937 1433 pro-lectioresannos,
949 1372 1007 1433 per
1028 1354 1168 1439 discipli.

50 1488 57 1507 .
90 1439 383 1499 naeecclesiasti'cae
410 1435 560 1518 stipendia
580 1436 789 1511 cucurrisset,
822 1447 858 1495 ut
886 1437 1055 1517 unicuique
1079 1443 1167 1500 testi-

87 1526 229 1582 monium
260 1522 350 1601 prior
374 1520 436 1578 rita
469 1519 647 1602 praeberet:
683 1538 739 1578 nec
759 1532 864 1600 posset
889 1519 928 1578 de
948 1521 1015 1603 ejus
1033 1545 1166 1604 provec-

50 1596 56 1659 Ῐ
87 1608 177 1666 tione
199 1603 358 1678 dubitari,
385 1603 434 1661 cui
457 1624 517 1685 pro
538 1600 700 1662 laboribus
719 1601 846 1680 multis,
869 1624 928 1686 pro
952 1607 1091 1666 moribus
1112 1629 1167 1669 ca-

50 1734 62 1751 .
88 1691 170 1765 stis,
192 1708 251 1770 pro
274 1685 393 1746 actibus
407 1689 538 1747 strenuis
560 1685 696 1746 celsioris
718 1685 779 1746 loci
803 1689 971 1770 praemium
990 1686 1164 1752 deberetur.
1202 1726 1206 1735 =
1243 1676 1248 1708 ¹

85 1774 126 1833 Si
155 1775 234 1831 enim
256 1770 295 1831 a'd
327 1769 459 1842 honores
491 1771 598 1831 mundi
629 1772 697 1830 sios
721 1769 867 1854 suffragio
894 1776 1067 1854 temporis,
1099 1779 1165 1837 sine
1208 1768 1209 1772 ¹

86 1857 203 1917 merito
225 1854 363 1930 laboris,
398 1856 557 1938 indignum
579 1866 623 1937 est
640 1856 816 1937 pervenire,
853 1866 882 1914 et
905 1859 1007 1915 notari
1032 1858 1164 1921 ambitus

85 1938 213 2014 solent,
233 1959 310 2020 quos
330 1937 495 2021 probitatis
516 1938 698 1999 documenta
717 1958 781 1999 non
794 1937 962 2018 adjuvant:
996 1962 1086 2021 quam
1106 1943 1155 2003 tli-

84 2020 188 2105 ligens
208 2034 240 2082 et
267 2043 356 2103 quam
381 2023 517 2104 prudens
542 2021 684 2082 habenda
706 2033 751 2082 est
777 2021 961 2104 dispensatio
980 2024 1157 2088 divinorum

82 2116 263 2185 munerum·
276 2105 499 2185 etcsclestium
519 2104 721 2190 dignitatum,
759 2124 799 2168 ne
819 2108 850 2166 in
868 2106 976 2189 aliquo
999 2100 1158 2194 Apostoli·

86 2201 174 2251 caet
198 2191 343 2251 canonica
367 2189 490 2250 decreta
509 2180 683 2251 violenturl
797 2234 801 2247 ,

85 2284 91 2295 ·
175 2286 204 2340 2.
246 2269 441 2334 strenus-
461 2274 598 2335 Roma'na'
628 2271 692 2333 sub,
717 2270 894 2349 sylvestro,
927 2290 994 2355 cap.
1019 2286 1088 2342 11.:
1116 2278 1159 2337 Ut
1171 2285 1233 2346 0,th
1243 2299 1320 2348 quan·

92 2355 195 2443 pullus
211 2379 246 2418 ex
269 2358 348 2435 ltica
364 2379 495 2441 persona
514 2358 553 2419 ad
570 2357 723 2427 honorem
749 2356 865 2430 acolyti
887 2376 987 2436 usque
1010 2359 1049 2416 ad
1080 2335 1336 2442 Epi-illsl'all‘lil

90 2455 250 2526 scopatum
275 2442 507 2518 sublevaretur,
531 2441 590 2498 nisi
604 2440 692 2520 prius
707 2437 816 2496 fuisset
832 2438 930 2495 lector
948 2443 1033 2501 annis
1047 2444 1159 2525 trigin·
1169 2431 1318 2524 22:32²&

84 2518 142 2602 ti,
175 2518 374 2588 deindefnno
393 2525 442 2584 die
466 2520 630 2595 exorcista,
669 2531 700 2578 et
720 2526 1067 2602 postea'caperet'onus
1085 2546 1157 2588 aeos
1237 2556 1239 2561 ·
1302 2534 1320 2569 ἰ

84 2608 164 2688 lyti,
183 2614 223 2674 >et
260 2610 441 2675 iacent-in
462 2604 572 2667 eodem
594 2602 705 2663 ordine
729 2601 842 2678 acolyti
854 2624 953 2675 ,annos
967 2605 1111 2684 decem,-.
1127 2624 1163 2673 ut
1196 2654 1199 2665 ,
1224 2658 1227 2665 .
1300 2606 1304 2613 “
1330 2616 1333 2621 “

88 2697 248 2778 acciperet
271 2713 356 2773 onus
377 2689 587 2773 subdiaconi,
607 2697 642 2763 ¹et
661 2692 693 2745 in
720 2684 944 2769 subdiaconatu
971 2706 1048 2752 esset
1066 2715 1160 2756 annos
1244 2708 1247 2715 ‘

84 2768 230 2861 'rpninque
282 2773 402 2834 Deinde
416 2772 470 2831 'ad
493 2770 674 2831 diaconatus
694 2767 843 2839 honorem
879 2774 1067 2859 peitingeret
1082 2777 1159 2840 fixus

87 2853 413 2945 mgandbustrigi'nta
442 2856 633 2939 presbyteris
662 2874 819 2932 eramen,
835 2870 872 2918 ot
894 2873 972 2920 esset
990 2861 1161 2926 subdiaco-

93 2967 152 3007 nus
190 2939 367 3002 cardinalis:
405 2944 520 3023 quia3a
572 2942 649 3017 rima
683 2941 754 3011 sede
780 2954 846 3001 erat
866 2946 1090 3023 constitutum,
1123 2961 1160 3008 ut
1191 2972 1195 2997 ε
1256 2975 1260 2984 ·

93 3029 223 3090 serviret
251 3046 345 3085 annos
375 3032 498 3108 septem.
538 2962 606 3085 tlon
626 3023 729 3101 anitii,
762 3023 866 3106 qood,
893 3028 1016 3108 si'quis
1038 3029 1161 3090 deside-

87 3120 184 3174 raret.
204 3111 358 3189 ordinem·
369 3109 571 3194 presbyterii,
591 3112 635 3170 ita
647 3110 826 3189 ⁴¹erigeretur
837 3154 846 3185 ,
869 3120 905 3168 ut
930 3112 961 3169 in
980 3126 1094 3195 septem
1103 3135 1161 3173 an·

66 3196 142 3277 ,nis'
170 3215 188 3254 a
212 3195 427 3259 cunctorum
446 3194 586 3263 Romano
609 3192 797 3285 probaretur
817 3193 993 3271 doctrinae,
1018 3199 1161 3259 nativita-

84 3274 148 3357 iis,
183 3276 408 3362 generositatis,
436 3290 467 3339 et
487 3276 614 3339 consilio
638 3276 708 3336 non'
720 3286 858 3360 expetens
877 3277 1021 3358 praedam
1044 3268 1177 3362 aquo-⁸

82 3372 183 3448 quam
205 3364 363 3451 opimone
378 3363 478 3441 elatu,
515 3360 676 3443 firmarent
697 3381 801 3421 omues
819 3361 1019 3445 presbyteri,
1056 3364 1162 3428 decla·
1199 3424 1202 3429 ,
1279 3392 1285 3401 ·
1313 3376 1316 3385 “

84 3460 196 3539 parent
212 3456 246 3531 e't
255 3445 431 3537 firffiarnnt,
447 3459 478 3509 et
506 3448 550 3525 sic
572 3445 614 3507 ad
634 3445 772 3535 ordipem
791 3444 981 3531 presbyterii,
989 3449 1159 3530 accederet,
1220 3468 1237 3481 ‘¹

88 3520 123 3596 ct
145 3532 261 3593 faceret
282 3532 313 3590 in
333 3516 438 3591 eodem
457 3529 566 3591 ordine
591 3530 777 3609 adnostros.
907 3534 911 3541 '
1194 3553 1197 3558 ·
1355 3598 1357 3603 ,

172 3622 212 3683 ‘ej
246 3612 476 3676 GONCILIUM
492 3614 709 3689 Trideotidum
738 3632 808 3674 sess.
838 3626 888 3682 23.
901 3640 929 3692 ,·
949 3635 1028 3698 cap..
1051 3622 1090 3685 7.·
1106 3637 1160 3677 re-

86 3700 295 3779 remanente:
312 3699 467 3777 „Quando
488 3698 663 3787 Episcopps
680 3698 1031 3771 ,ordinationemsacere
1049 3701 1160 3783 dispo·
1182 3686 1186 3703 ’
1247 3692 1249 3697 ’

88 3785 208 3862 suerit,
228 3805 353 3860 omnes,
386 3784 439 3865 qui
456 3781 496 3842 ad
520 3774 644 3843 sarium¹
664 3774 864 3841 ministerium
887 3783 1032 3843 accedere
1048 3784 1158 3844 volue-

86 3862 171 3944 rint,
210 3865 286 3929 feria
315 3862 432 3950 ¹quarta
461 3879 532 3928 ante
549 3867 660 3948 'lptala
687 3865 941 3940 ordinationem,
961 3868 1009 3927 rel
1033 3868 1158 3950 quando

87 3950 248 4035 Episcopo
265 3953 423 4029 videbitur
434 3992 446 4029 ,
457 3951 501 4012 ad
522 3952 865 4031 ciuitatemerocentur.
883 3950 1082 4034 ,Episcopus
1100 3971 1159 4012 au·
1186 4015 1190 4027 „

88 4046 153 4119 rem
168 4035 401 4113 sacerdotibus,
423 4045 454 4095 et
477 4020 544 4096 aliis
561 4031 768 4121 prudentibus
788 4033 863 4105 yiris
875 4075 885 4110 ,
908 4035 1014 4116 peritis
1038 4036 1158 4096 divinae
1312 4103 1317 4109 ,

83 4108 166 4204 Ῐθᾙε
175 4163 187 4198 ,
222 4124 258 4180 ac
269 4118 532 4183 in'ccclesiasticis
555 4114 763 4180 scribonibus
787 4117 955 4177 exercitatis
967 4144 986 4196 ,·
998 4119 1056 4179 sibi
1078 4123 1266 4194 asci-rtmmen
1279 4144 1316 4174 01·-

81 4204 148 4283 tis,
185 4203 431 4267 ordinandorum
463 4224 575 4292 genus,
604 4210 954 4289 personam‚aetete1u‚
985 4183 1328 4271 institutio-³¹⁰⁸”dm'

190 4327 299 4371 cantatu·
312 4329 338 4372 ἲ,
350 4328 383 4374 u.
620 4386 623 4393 1
906 4323 952 4387 25
972 4324 975 4329 ¹
