2790 4792
233 201 315 272 104
471 180 1060 255 uasaoaauanro

235 378 341 455 tuisti,
371 395 406 437 ac
433 376 577 441 solemnia
608 375 706 459 hujus
726 385 771 436 et
794 372 983 435 immaculati
1005 370 1147 435 sacrificii
1168 371 1312 436 celebra-

235 467 350 526 tionem
368 461 458 525 nobis
484 460 661 540 tradidisti,
680 472 826 541 tanquam
842 461 994 521 Dominus
1010 459 1154 519 omnium.
1198 459 1311 543 Respi-

237 569 273 608 ce
299 547 339 608 ad
369 564 416 611 me
438 558 655 630 peccatorem,
677 557 712 606 ut
735 546 871 605 assistam
890 556 1013 604 sanetae
1034 554 1106 603 tuae
1128 540 1203 603 huic
1224 565 1311 603 meu-

238 652 305 708 aae,
327 643 666 693 consecrem-sanctum
689 642 721 690 et
746 629 972 690 immaculatum
989 641 1076 688 tuum
1110 648 1249 710 corpus,
1280 639 1309 688 et

239 717 408 800 pretiosum
424 716 612 799 sauguinem.
654 716 705 775 Tu
734 715 894 791 enimes,
915 713 971 795 qui
990 711 1093 789 offers,
1120 723 1151 771 et
1175 710 1307 789 offerris,

240 813 272 862 et
296 802 465 882 accipiens,
492 810 532 859 et.
546 798 633 874 daus,
654 798 827 865 CHRISTE
841 798 925 858 Deus
950 809 1065 858 noster.
1108 795 1151 856 Et
1172 796 1307 857 nonnul-

240 884 277 944 lis
298 884 487 964 interjectis:
508 883 640 943 Domine
660 882 746 943 Dens
762 885 970 964 omnipotens,
991 880 1076 941 solus
1097 893 1231 959 sauctus,
1255 879 1306 963 qui

165 970 169 979 '
242 969 371 1052 suscipis
389 967 520 1029 hostiam
548 967 645 1029 laudis
669 965 708 1026 ab
725 969 779 1042 iis,
802 970 858 1049 qui
879 979 909 1027 te
928 969 1074 1027 invocant
1097 967 1129 1024 in
1152 976 1168 1025 t
1188 978 1221 1027 to
1235 985 1306 1025 cor-

242 1053 303 1130 de,
342 1054 460 1134 suscipe
481 1072 587 1135 preces
608 1064 748 1122 nostras,
769 1062 800 1111 et
817 1049 894 1112 offer
924 1063 1030 1112 sancto
1059 1049 1147 1109 altari
1166 986 1243 1111 duo:
1277 1060 1305 1109 et

244 1137 294 1197 fac
312 1157 367 1198 uos
385 1135 632 1219 dignos,:.offerre
645 1135 703 1196 tibi
714 1136 812 1210 dona,
835 1147 866 1195 et
890 1133 1073 1195 sacrificium
1085 1133 1226 1217 spiritale
1246 1154 1304 1217 pro

82 1248 223 1306 reaqutaa·
244 1227 356 1283 uostris
383 1223 536 1303 peccatis,
566 1231 659 1302 atque
678 1221 858 1303 ignorantiis
880 1218 1005 1302 populi:
1040 1230 1070 1279 et
1093 1230 1238 1301 praesta,
1269 1229 1305 1278 ut

70 1307 188 1350 “⁸³⁸²'‘
245 1307 430 1369 inveniamus
465 1306 593 1388 gratiam
625 1307 657 1363 in
681 1326 755 1365 cons
779 1316 849 1365 ectu
874 1317 952 1377 tuo,
989 1315 1024 1363 ut
1042 1300 1097 1363 fiat
1119 1301 1304 1385 acceptabile

244 1386 427 1452 sacrificium
450 1402 607 1466 nostrum,
636 1399 665 1449 et
688 1326 839 1450 inhabitet
864 1389 991 1470 spiritus
1016 1394 1133 1471 gratiae
1152 1400 1224 1448 tuae
1246 1387 1303 1446 bo-

243 1495 302 1535 uus
319 1494 412 1556 snper
436 1494 510 1550 noa,
540 1486 570 1536 et
587 1493 681 1556 super
697 1473 773 1535 haec
797 1474 937 1556 apposita
957 1482 1165 1549 sacramenta,
1201 1484 1232 1532 et
1252 1492 1304 1531 su-

243 1579 302 1642 per
336 1578 454 1617 omnem
469 1556 644 1639 ¹populum.
685 1557 905 1619 Et'nounullis
924 1557 1132 1639 interpositis:
1166 1556 1304 1640 Amplius

244 1641 411 1711 obtulimus
435 1640 492 1699 tibi
520 1641 600 1701 hauc
619 1640 837 1701 'rationabilem
863 1639 995 1701 hostiam
1007 1684 1017 1717 ,
1050 1661 1111 1722 pro
1126 1639 1222 1718 orbe,
1246 1660 1303 1724 pro

244 1737 348 1789 taneta
369 1722 522 1785 catholica
544 1736 574 1784 et
593 1725 762 1806 apostolica
780 1725 854 1785 DEI
873 1724 1024 1800 Ecclesia,
1047 1737 1077 1784 et
1100 1726 1157 1802 iis,
1181 1727 1236 1807 qui
1254 1746 1305 1784 ca-

245 1819 292 1868 sta
322 1809 353 1865 iu
381 1808 609 1867 couversatione
637 1827 672 1866 ac
691 1808 796 1871 sobria
820 1806 944 1889 degunt.
986 1809 1049 1869 Pro
1072 1806 1254 1870 fidelissimis
1274 1819 1304 1868 et

243 1889 333 1951 DEO
363 1889 483 1955 dilectis
513 1890 750 1972 imperatoribus
780 1894 908 1969 uostris,
942 1905 973 1954 et
1011 1903 1078 1954 toto
1107 1893 1242 1979 palatio,
1272 1902 1303 1950 et

245 1975 329 2033 omni
350 1974 486 2036 exercitu
507 1994 623 2034 eorum.
680 2030 686 2039 ,
733 2032 736 2039 ,

220 2086 223 2091 ’
294 2089 297 2093 ·
328 2071 358 2127 5.
399 2056 620 2121 MARTIALIS
641 2059 673 2118 in
687 2055 817 2141 epistola
834 2057 874 2119 ad
890 2059 1152 2144 Burdegalenses,
1173 2071 1297 2145 capt-2

246 2141 343 2223 Quod
374 2141 483 2203 Judaei
526 2163 560 2203 er
583 2144 816 2220 invidiametc,
837 2156 986 2228 utsupra
1006 2147 1043 2204 G.
1061 2158 1088 2212 1.

328 2239 358 2296 6.
389 2163 668 2291 fllERbNYMUs
689 2225 750 2287 Tit
772 2240 815 2294 1.=
839 2229 924 2306 Quid
943 2230 980 2289 de
996 2230 1156 2312 Episcopo
1174 2230 1302 2293 sentien-

245 2313 320 2375 dum
341 2321 403 2387 est,
434 2313 488 2392 qui
520 2311 657 2393 quotidie
670 2333 729 2394 pro
753 2312 816 2373 suis
838 2314 1008 2397 populique
1028 2319 1181 2397 peccatis,
1205 2314 1301 2376 illiba·

245 2410 291 2460 tas
314 2398 381 2457 Deo
406 2394 567 2463 oblaturus
591 2408 635 2456 est
656 2396 811 2456 victimas?

329 2491 358 2547 1.
400 2478 630 2541 AMBROSIUS
656 2481 690 2539 L.
721 2480 746 2539 I.
779 2480 910 2543 officior.
932 2503 998 2566 cap.
1021 2495 1110 2551 484,
1132 2474 1249 2544 Umbra
1271 2483 1300 2541 in

244 2563 326 2645 lege,
346 2563 445 2642 imago
471 2563 501 2621 in
518 2560 705 2645 Evangelio,
737 2568 845 2628 veritas
866 2568 899 2627 iu
921 2567 1109 2627 caelestibus.
1153 2566 1235 2630 Ante
1252 2587 1302 2650 ag*

244 2666 303 2707 uos
325 2643 529 2721 offerebatur,
566 2646 753 2707 offerebatur
777 2645 910 2728 vitulus,
938 2672 1021 2711 nunc
1038 2650 1235 2713 CHRISTUS
1255 2651 1301 2712 of·

245 2729 359 2789 fertur:
378 2727 431 2788 sed
455 2727 584 2789 offertur
602 2732 690 2810 quasi
709 2729 819 2809 homo,
841 2737 929 2816 quasi
955 2738 1105 2819 recipiens
1123 2743 1300 2820 passionem,

245 2824 278 2872 et
291 2810 382 2872 offert
399 2832 432 2873 se
452 2812 518 2894 ipse
538 2816 625 2894 quasi
645 2816 803 2893 sacerdos,
833 2830 869 2878 ut
888 2834 1013 2901 peccata
1037 2831 1145 2881 nostra
1162 2822 1301 2882 dimittat.

244 2895 353 2957 Hicin
377 2897 525 2979 imagine,
561 2897 606 2957 ibi
638 2899 668 2956 in
687 2902 832 2977 veritate,
862 2902 917 2964 ubi
936 2904 1018 2986 apud
1038 2918 1157 2986 patrem
1173 2927 1233 2989 pro
1248 2926 1302 2965 no-

197 3046 202 3055 ,
244 2979 294 3040 bis
325 2981 411 3061 quasi
435 2980 599 3041 advocatus
621 2983 790 3044 intervenit.
832 2986 890 3047 Hic
907 3008 981 3071 ergo
1001 2991 1032 3047 iu
1050 2991 1179 3072 imagine
1199 2990 1303 3051 ambu-

72 3077 181 3166 reretur:
195 3072 224 3116 t·
245 3065 358 3140 lamus,
385 3066 416 3123 iu
440 3066 567 3149 imagine
592 3066 744 3127 videmus:
768 3067 831 3129 illic
855 3070 934 3132 facie
956 3072 1135 3149 adfaciem,
1162 3073 1221 3135 ubi
1239 3074 1302 3159 ple-

70 3129 148 3218 2l2ff¹¹⁸
172 3137 212 3179 μ’
244 3170 285 3210 na
297 3148 460 3232 perfectio,
486 3152 558 3231 quia
573 3151 722 3231 perfectio
742 3155 839 3214 omnis
867 3157 901 3215 iu
923 3159 1048 3216 veritate
1063 3168 1117 3216 est

328 3245 357 3300 tt.
398 3233 506 3292 IDEM
536 3234 716 3294 Ambrosius
743 3239 774 3296 iu
799 3237 909 3299 Psalm.
933 3241 1133 3300 xxxv111.=
1165 3240 1304 3302 Vidimus

26 3361 31 3370 ,
68 3317 413 3413 ,ῗῗῖἒοῗῗρνὶυοίρεω
437 3318 632 3379 sacerdotum
645 3320 685 3379 ad
698 3340 756 3381 nos
780 3325 963 3400 venientem,
982 3325 1111 3384 vidimus
1133 3336 1165 3385 et
1185 3323 1303 3407 audisi-

69 3381 222 3507 ,uioipuaha
244 3422 311 3461 mus
344 3399 518 3460 offerentem
543 3403 715 3487 pronubis
737 3410 1244 3490 sanguiuemsuumtsequamur,
1269 3417 1303 3467 ut

69 3478 121 3509 ‘¹⁰‘
146 3478 215 3507 Μ·
243 3505 423 3567 possumus,
441 3486 631 3563 sacerdotes,
653 3492 689 3547 ait
705 3488 866 3552 offeramus
888 3513 947 3574 pro
972 3492 1089 3575 populo
1103 3492 1299 3557 sacrificium:

233 3570 297 3628 etsi
326 3566 581 3648 infirmimerito,
611 3582 710 3632 tamen
730 3574 928 3637 honorabiles
954 3575 1124 3638 sacrificio:
1156 3581 1230 3660 quia
1247 3575 1300 3636 etsi

127 3733 133 3744 ⁹
159 3730 167 3744 ’
241 3672 323 3750 nunc
354 3653 549 3715 CHRISTUS
577 3675 640 3715 uon
670 3657 792 3719 videtur
816 3660 943 3734 offerre,
964 3673 1065 3722 tamen
1082 3663 1148 3746 ipse
1173 3661 1300 3722 offertur

80 3732 167 3774 Μ’
180 3743 272 3796 ⁶⁰‘·1u
300 3737 408 3815 terris,
446 3740 570 3821 quaudo
600 3740 762 3805 CHRISTI
793 3765 906 3828 corpus
936 3744 1074 3806 offertur.
1117 3747 1217 3807 Immo
1235 3751 1300 3828 ipse

44 3787 349 3880 „libibi'mofferre
362 3824 572 3885 manifestatur
590 3825 750 3906 innubis,
771 3814 860 3911 cuius
879 3850 979 3890 sermo
996 3825 1169 3895 sanctificat
1179 3824 1301 3892 sacrifi·

238 3904 335 3978 cium,
360 3906 446 3986 quod
466 3906 602 3969 offertur.

318 3998 348 4052 9·
389 3987 559 4051 Alexander
578 3992 603 4050 1.
621 3990 710 4053 Pout.
727 4005 759 4055 et
778 3994 821 4055 M.
851 4015 867 4054 e
890 3996 936 4057 ist
958 4010 987 4066 1.
1001 3995 1041 4058 ad
1062 3993 1300 4058 omuesOrtho·

233 4066 302 4137 dor·
330 4089 399 4154 cap.
418 4082 471 4142 4..
500 4072 538 4135 lu
574 4075 833 4153 sacramentorum
851 4014 1084 4164 oblationibus,
1116 4100 1198 4164 quae
1216 4082 1299 4141 iuter
