2790 4792
361 298 794 405 „cantares
868 334 878 371 ν
1051 329 1133 407 ese

154 509 212 574 ET
231 502 416 592 quibusdam
435 500 626 585 interjectist
648 495 810 564 Ostentum
831 503 1014 590 arrigitur,
1049 509 1133 570 anfi.

68 598 176 658 stitum
208 592 343 665 ordinem
370 587 575 674 perficientem
602 603 666 644 esse
692 596 722 645 et
741 585 937 668 perfectiouis
958 604 1132 654 auctoreme

66 671 267 742 sacerdotum
288 695 378 751 vero,
407 672 629 736 illuminantem
650 679 743 750 atque
765 669 805 730 ad
825 669 932 740 lucem⁴
948 694 1135 758 promoven-

67 775 152 825 tem:
187 760 281 846 porro
312 759 540 830 ministrorum,
573 766 755 837 purgantem
777 765 870 835 atque
902 757 1131 823 discernentem.

68 846 224 909 Videlicet
253 840 436 928 pontificalis
466 839 547 902 ordo
571 858 635 899 nou
663 837 813 920 perlicere
831 839 949 918 solum,
979 862 1085 903 verum
1101 857 1133 907 et

30 936 38 949 ⁸
71 928 242 992 illuminare
273 940 304 989 et
333 944 466 1011 purgare
489 923 586 983 novit.
639 919 841 983 sacerdotum
861 944 935 984 vero
956 926 1076 1003 virtus,
1098 929 1134 989 in

71 1036 107 1077 sc
125 1035 193 1077 cnm
214 1013 399 1075 illuminante
414 1006 509 1069 habet
522 1016 702 1090 purgantem
715 1025 841 1088 quoque
861 1010 1026 1069 scientium.
1067 1009 1134 1070 Ve-

68 1120 140 1160 rum
175 1118 253 1181 quae
281 1095 441 1157 inferiores
469 1101 564 1168 sunt,
607 1089 648 1150 ad
669 1094 891 1173 praestantiora
919 1094 1048 1153 transire
1076 1115 1134 1153 ue-

10 1242 15 1247 ,
67 1190 204 1267 qucum,
235 1191 404 1267 propterea
437 1174 524 1258 quod
552 1175 599 1235 fas
620 1173 693 1247 ¹illis
718 1196 781 1236 nou
809 1188 870 1252 est,
902 1177 942 1239 ud
961 1177 1135 1239 istiusmodi

67 1267 214 1353 prosilire
246 1258 428 1346 superbiam.
480 1258 583 1321 Porro
622 1261 805 1321 sacratiores
835 1262 961 1322 virtutes
981 1283 1042 1323 uua
1064 1281 1136 1325 cum

68 1353 147 1428 suis,
169 1351 332 1410 inferiores
356 1363 481 1425 quoque
501 1363 557 1404 sua
581 1344 648 1423 ipsa
662 1343 852 1426 perfectione
876 1347 1136 1407 scientias'sacras

67 1451 266 1516 nequaquam
286 1430 438 1510 ignorant.
482 1428 563 1503 Quia
583 1438 683 1487 tamen
702 1426 872 1487 divinarum
892 1430 1048 1490 actionum
1058 1432 1136 1491 ima-

68 1521 155 1604 gines
181 1526 252 1575 suut
280 1509 482 1573 sacerdotales
505 1510 734 1586 distinctiones,
769 1513 952 1572 ornatissimi
975 1525 1067 1596 atque
1085 1516 1137 1573 in·

69 1601 194 1663 confusi
214 1597 384 1658 divinarum
408 1595 626 1676 operationum
651 1595 767 1655 ordinis
787 1597 895 1656 insitos
918 1596 977 1656 sihi
1001 1598 1137 1682 fulgores

67 1684 260 1747 indicantes:
291 1681 322 1739 in
342 1679 473 1760 primas,
496 1698 532 1737 ac
554 1676 686 1754 medias,
711 1682 742 1740 et
754 1677 876 1740 ultimas
900 1691 1017 1742 sanctas
1038 1688 1137 1743 actio·
1173 1688 1287 1752 Minos

19 1828 28 1837 ,
67 1787 131 1831 nes
162 1776 254 1846 atque
285 1762 414 1837 ordines¹
433 1758 603 1844 pontificali
637 1761 823 1841 discretione
851 1763 1032 1843 distributae
1056 1740 1298 1847 sunti‘e'oiiiris'if

67 1851 260 1913 insinuantes
290 1851 338 1924 (ut
365 1846 442 1920 diri)
470 1847 502 1906 iu
531 1865 564 1906 se
584 1846 656 1930 ipsis
691 1844 808 1906 divinas
828 1848 962 1909 actiones
983 1837 1311 1943 ordinatasl‘lssigffssffl'ffi

71 1951 141 1994 esse
161 1945 252 2013 atque
273 1932 482 2023 impermixtos.
525 1931 606 2006 Quia
622 1933 701 2009 euim
720 1948 835 1991 summa
851 1931 907 2013 illa¹
919 1932 1071 2012 divinitas,
1084 1956 1137 1998 eos

65 2015 203 2099 (quibus
236 2035 267 2075 se
292 2013 441 2089 insinuat)
468 2014 595 2094 spiritus
620 2016 732 2097 purgat
756 2020 881 2096 primo,
913 2031 1137 2099 consequenter

66 2101 243 2174 illuminat,
266 2108 296 2156 et
314 2097 497 2156 illuminatos
514 2097 554 2157 ad
572 2097 704 2158 divinam
720 2097 846 2182 effigiem
869 2098 1009 2181 perficit:
1042 2107 1137 2165 meri·

65 2197 106 2247 to
138 2179 332 2242 sacerdotalis
363 2180 479 2241 divinas
509 2182 653 2265 imagines
688 2202 764 2261 prae
781 2203 813 2242 se
841 2183 939 2241 ferens
963 2187 1135 2265 aemulatio,

70 2269 220 2330 discretos
240 2285 272 2326 se
292 2266 388 2347 ipsam
408 2267 441 2325 iu
461 2265 606 2339 ordines,
627 2266 817 2344 virtutesque
834 2264 1012 2340 distribuit,
1042 2288 1136 2350 aper-

71 2363 120 2423 te,
141 2350 298 2426 indicans,
329 2349 445 2410 divinas
475 2349 610 2407 actiones
640 2348 672 2405 in
708 2348 879 2406 castissimis
905 2350 1138 2433 purissimisque

68 2432 233 2499 ordinibus
255 2444 435 2495 constanter
459 2443 552 2511 atque
578 2427 739 2488 inconfuse
761 2431 931 2510 persistere.

156 2530 184 2585 1.
205 2517 241 2577 E.
284 2512 491 2579 IRENAEUS
512 2510 657 2575 adversus
678 2510 817 2572 haereses
835 2508 924 2579 libro
945 2527 985 2592 5.,
1008 2535 1073 2601 cap.
1088 2529 1137 2586 aa

62 2599 133 2667 Sed
155 2603 300 2684 quoniam
321 2596 408 2656 valde
428 2595 555 2676 longum
575 2607 639 2672 est,
675 2596 707 2655 in
735 2593 798 2656 hcc
821 2595 874 2658 tali
893 2598 1046 2660 volumine
1068 2620 1139 2662 om-

60 2690 155 2753 nium
178 2683 387 2747 Ecclesiarurn
411 2698 585 2739 enumerare
607 2681 831 2758 successiones,
859 2686 1002 2759 maximae
1029 2698 1066 2759 ¹et
1079 2706 1137 2748 an-

57 2768 257 2855 tiquissimae
279 2774 309 2825 et
330 2761 471 2825 omuibus
493 2764 631 2847 cognitae
653 2784 671 2825 a
690 2763 913 2848 gloriosissimis
928 2766 1137 2854 dnobusspo-

10 2884 43 2933 a,
57 2855 162 2921 stolis
187 2850 282 2910 Petro
304 2860 336 2908 et
351 2846 451 2909 Paulo
472 2848 587 2909 Romae
609 2847 753 2909 fundatae
774 2862 805 2911 et
823 2854 1006 2914 constitutae
1026 2854 1137 2915 Eccle-
1169 2924 1174 2933 ¹

10 2952 16 2993 t
54 2944 159 3014 aiae,
188 2954 274 3010 eam,
309 2953 399 3015 quam
424 2930 522 2996 habet
542 2932 582 2995 ab
605 2931 760 3016 Apostolis
783 2935 1000 3014 traditionem,
1028 2948 1058 2998 et
1080 2956 1139 2996 au-

10 3020 25 3105 p
46 3020 243 3089 nuntiatam
263 3015 439 3078 bominibus
460 3016 573 3099 fidem,
603 3039 661 3102 per
682 3012 887 3080 successiones
908 3019 1138 3105 Episcoporum

10 3103 300 3203 (pervenientem
322 3100 483 3185 usquead
504 3124 576 3180 nos,
605 3103 773 3163 indicantes
794 3102 1007 3167 confundimus
1032 3124 1136 3165 omues

10 3202 144 3273 equs,
168 3189 221 3267 qui
243 3208 372 3272 quoquo
393 3186 506 3264 modo,
526 3186 575 3249 ‚vel
595 3208 652 3271 per
673 3186 923 3271 suiplacentiam
943 3187 1061 3266 malam,
1086 3187 1137 3249 rel

10 3276 180 3341 iwanum
216 3268 362 3354 gloriam,
394 3269 442 3332 rel
476 3292 534 3355 per
562 3272 737 3332 caecitatem
768 3283 800 3332 et
831 3271 939 3355 malam
960 3273 1137 3349 'seutentiam

10 3390 18 3427 f
85 3366 288 3435 raeterquam
309 3366 431 3437 oportet
452 3355 602 3440 colligunt
623 3366 697 3434 etc,
722 3366 765 3417 -ut
790 3370 895 3441 supra¹
907 3356 945 3418 de
964 3356 1136 3442 praeceptis

10 3378 243 3515 ,gedaniam
266 3452 382 3521 quaest.
402 3452 432 3508 9.
453 3439 488 3501 Β.
508 3454 540 3509 ὅ.
712 3506 729 3517 ,,
809 3441 813 3450 ’
888 3468 969 3517 ,πμ

10 3534 12 3540 ’
68 3518 87 3611 ι’
156 3536 187 3591 2.
229 3523 339 3667 ΙὲΕΜ
364 3516 506 3611 Irenaeus
532 3522 595 3605 lib.
619 3536 657 3601 Α.
679 3545 746 3610 cap·
765 3536 840 3606 430,
874 3532 1024 3608 utsupra
1043 3542 1139 3607 quae-

17 3614 177 3683 ·dtione
195 3620 224 3678 t·
273 3653 280 3666 -
378 3630 381 3637 ·
646 3624 649 3629 ·
1094 3664 1098 3675 .
1222 3608 1225 3617 '

10 3740 22 3777 ,
63 3728 100 3761 ,-
154 3703 179 3762 3
211 3690 409 3767 -OPTATUS
428 3691 619 3765 Milevitanus
634 3691 689 3765 lib.
715 3705 745 3775 2.
761 3688 1082 3772 'counaDonstistas,
1102 3702 1139 3754 ut

10 3824 23 3866 ι.
45 3797 173 3867 nupra
192 3775 232 3837 de
251 3779 422 3860 praeceptis
445 3777 613 3855 Ecclesiae,
640 3789 756 3860 quaest.
777 3790 807 3846 9.
818 3820 828 3855 ,
849 3776 884 3839 Β.
907 3789 937 3845 4.

10 3896 22 3949 'i
153 3872 186 3929 t.
228 3859 486 3923 AUGUSTINUS
517 3862 649 3946 epistola
680 3875 750 3931 165·
783 3861 824 3934 ad
853 3856 1062 3940 Genero'sum,
1103 3869 1140 3921 ut

10 3942 349 4033 effidem-Besis·
426 3980 457 4013 ri·
534 3982 537 3989 ’
598 3968 644 3997 ··’“
772 3996 775 4001 -
864 3988 870 3997 ¹
1175 3951 1179 3955 ’

10 4078 20 4115 .
141 4028 571 4119 .⁶·..1DEM...n¹⁸1.0.¹am
606 4028 647 4111 sd
668 4026 1061 4132 ,tarantasiensem
1099 4025 1139 4119 ds

10 4098 494 4211 ,jer-rteccptis''licel'eslae,''bi
515 4120 566 4184 os
615 4126 618 4131 '
809 4114 825 4127 ''
1110 4160 1113 4165 -

62 4224 73 4257 r
108 4228 116 4251 ι
139 4212 189 4271 ·6.
209 4196 336 4287 {ITEM
358 4185 1139 4288 Μ’φίδῑθῖίωιᾞυηὶὼθίζϋὼιῪῦωῑ

482 4305 485 4310 ’
851 4319 897 4386 ss
911 4307 933 4351 ’
