2782 4786
247 304 335 397 m
504 293 587 391 nu
623 260 1097 413 separatore

260 499 315 552 est
359 482 445 563 Quid
459 484 539 547 enim
559 483 664 562 refert,
682 493 792 557 utrm
806 479 958 567 idaperta
969 476 1103 541 miminis
1126 478 1330 568 confessione,

191 636 194 643 ,
262 595 302 634 an
318 571 420 632 mariti
448 571 551 652 specie
573 565 696 630 adulter
733 565 896 628 admittat?
916 565 976 626 nisi
1006 562 1094 648 quod
1125 569 1247 650 gravius
1273 583 1328 653 eet,

263 657 359 741 legem
381 655 514 715 criminis
540 653 656 730 fecisse,
684 651 922 739 quamdudum·
1106 706 1109 715 .

348 752 378 808 4.
421 732 680 800 AUGUSTINUS
713 736 753 797 de
776 722 976 823 audulterinis
1008 733 1169 818 conjugiis
1200 732 1254 799 lib.
1277 738 1322 824 ll,

52 885 56 898 ,
267 844 332 907 cap
356 836 395 891 ει
437 822 525 883 Sicut
537 834 677 885 manente
698 818 732 883 in
752 812 1003 895 sJeISacramento
1026 822 1275 902 regenerationis,
1287 843 1328 884 er·

106 915 114 935 “
204 963 207 978 Α
269 903 512 970 communicatur
533 909 603 989 quis
627 927 697 969 reus
717 900 864 982 criminis,
880 925 941 973 ¹nec
963 901 1020 964 illo
1039 917 1236 986 sacramento
1253 919 1331 988 earet,
1385 970 1387 983 ,

175 994 178 1003 ’
271 992 388 1055 etiamsi
410 1012 568 1074 nunquam
594 990 811 1057 reconcilietur¹
827 990 916 1053 Deo:
940 990 982 1055 iu
1006 1001 1146 1051 manente
1162 992 1203 1053 in
1223 1011 1257 1051 se
1277 993 1333 1053 rin·
1384 986 1387 1019 ¹

94 1089 123 1132 ts
140 1087 237 1130 dimine
273 1076 345 1138 culo
369 1073 501 1137 foederis
520 1078 592 1158 conj
638 1075 703 1154 alis,
721 1068 980 1157 uiordimittitur
999 1072 1040 1138 ob
1063 1095 1190 1136 causam
1209 1075 1334 1140 fornica-

93 1149 261 1247 ilfiirnliil'
273 1161 379 1238 tionis,
398 1181 455 1221 nec
476 1159 594 1223 carebit
614 1162 620 1174 “
648 1180 668 1221 o
689 1156 824 1238 vinculo,
846 1160 963 1220 etiamsi
981 1178 1142 1242 nunquam
1163 1160 1335 1224 reconcilio

94 1238 324 1326 2¹3?25“13„2¹³·¹tur
351 1247 437 1307 viros
460 1242 578 1307 carebit
600 1257 711 1323 autem,
736 1247 769 1311 si
782 1257 924 1307 mortuus
945 1243 1041 1305 fuerit
1068 1246 1119 1316 vir
1142 1247 1225 1326 ejus.
1266 1246 1335 1308 Reus

95 1334 215 1422 grestem
273 1352 346 1392 vero
369 1330 646 1399 excommunicatus
676 1331 929 1411 ideonunquam
967 1327 1084 1389 carebit
1104 1331 1336 1414 regenerationis

70 1430 74 1445 ·
96 1383 472 1493 sillffi⁸⁰⁰”‘saeramento‚
494 1415 583 1475 efiam
603 1436 668 1476 non
682 1413 916 1492 reconciliatus,
937 1414 1085 1495 qnoniam
1108 1434 1268 1496 uunquam
1278 1434 1339 1474 mo·

273 1502 354 1562 ritur
371 1500 466 1560 Deus.
507 1498 653 1563 Remanet
676 1501 797 1582 itaque,
819 1511 866 1575 ut,
891 1498 918 1560 si
940 1519 1048 1581 sapere
1069 1498 1243 1561 seeundum
1258 1498 1338 1582 Apo·

272 1584 386 1647 stolum
407 1582 563 1663 volumus,
583 1604 649 1645 non
670 1584 805 1651 dicamus
825 1585 926 1645 virum
948 1580 1123 1644 adulterum
1143 1604 1203 1667 pro
1225 1596 1339 1644 mortuo

273 1667 495 1752 deputandum,
517 1680 549 1730 et
559 1666 631 1731 ideo
652 1666 746 1737 licere
758 1669 849 1745 urori
863 1668 931 1750 ejus
948 1667 1038 1728 alteri
1059 1667 1187 1731 nubere.
1232 1670 1340 1747 Quam·

120 1776 136 1809 ι
268 1754 318 1815 uis
341 1755 422 1814 enim
443 1754 484 1813 sit
503 1773 587 1814 mors
603 1751 798 1830 adulterium,
821 1753 1130 1835 noncorporis,sed,
1152 1754 1242 1837 quod
1264 1755 1341 1837 peius

273 1848 328 1915 est,
352 1841 482 1900 animae:
505 1858 568 1899 non
586 1850 687 1901 tamen
709 1837 748 1898 de
768 1839 827 1903 ista
846 1849 946 1907 morte
962 1835 1152 1919 loquebatur
1171 1837 1342 1923 Apostolus,
1383 1892 1387 1913 ,

274 1942 345 1981 cum
365 1920 501 1982 dicebat:
545 1921 642 1999 Quod
673 1922 701 1982 si
722 1935 864 1993 mortuus
889 1923 984 2000 fuerit
1004 1923 1052 1981 vir
1084 1923 1173 2003 ejus,
1194 1926 1245 1984 cui
1274 1921 1342 2000 vult,
1385 1936 1387 1941 '

96 2028 162 2091 πμ.
183 2004 386 2083 001p0.nubat:
410 2002 524 2064 sedda
545 2004 597 2064 illa
622 2005 698 2082 sola,
720 2027 786 2087 quo
808 2007 847 2067 de
870 2026 1006 2088 corpore
1032 2007 1136 2067 exitur.
1180 2008 1344 2084 Quoniam,

96 2087 266 2169 ξξζξξῖξξξῗῃ,
277 2090 301 2148 si
326 2109 382 2169 per
402 2088 544 2171 conjugis
566 2087 749 2149 adulterium
773 2090 937 2174 conjugale
963 2089 1087 2150 solvitur
1109 2090 1268 2163 vinculum,
1290 2109 1343 2148 se·

96 2178 203 2265 2¹31er
218 2179 266 2220 vu.
277 2174 386 2256 quitur
405 2170 456 2232 illa
475 2173 670 2256 perversitas,
690 2192 782 2255 quam
801 2174 965 2251 cauendam
984 2189 1043 2234 esse
1059 2174 1226 2249 monstravi,
1248 2183 1283 2232 ut
1303 2183 1336 2232 et

140 2240 185 2267 ω’
275 2256 386 2319 mulier
425 2278 458 2316 er
479 2256 700 2341 impudicitiam
719 2255 856 2335 soluatur
877 2259 938 2320 hoc
960 2256 1090 2319 vinculus
1109 2277 1206 2338 quae,
1228 2257 1255 2316 si
1274 2253 1337 2315 sol-

99 2350 120 2388 ¹·
135 2341 189 2385 ⁰⁰¹·
202 2351 379 2420 brevitur,
400 2278 498 2403 libera
519 2343 608 2403 erita
629 2339 696 2425 lege
718 2343 785 2421 riri.
825 2342 868 2402 Et
889 2343 972 2421 ideo,
996 2341 1081 2425 qnod
1098 2342 1343 2424 insipientissime

274 2426 398 2503 dicitur,
422 2446 488 2487 nou
510 2425 579 2501 erit'
592 2424 750 2507 adultera,
778 2427 804 2486 si
824 2427 921 2505 fuerit
950 2448 1021 2499 cum
1049 2425 1140 2487 altero
1160 2427 1250 2500 viro,
1275 2425 1349 2506 quia

274 2532 333 2596 per
353 2508 536 2573 adulterium
556 2509 686 2572 liberata
712 2521 759 2570 est
778 2530 798 2571 a
818 2512 919 2593 priori
939 2513 1016 2571 viro.
1060 2509 1152 2588 Quod
1178 2512 1205 2570 si
1241 2511 1286 2570 ita
1306 2518 1352 2570 est

274 2597 442 2665 seueritate
464 2592 598 2674 devium,
618 2607 655 2655 ut
677 2593 780 2655 nullut
807 2595 851 2670 id,
871 2617 936 2658 uon
958 2595 1032 2657 dieo
1062 2595 1277 2671 Christianus,
1299 2591 1352 2653 sed

275 2675 428 2742 humanus
449 2699 553 2743 sensus
576 2679 727 2757 admittat,
748 2679 890 2762 prolecto
909 2678 1020 2742 mulier
1039 2677 1163 2764 alligata
1178 2692 1236 2756 est,
1248 2698 1354 2760 quam-

278 2765 335 2826 diu
352 2765 401 2825 vir
418 2760 497 2846 ¹ejus
526 2763 611 2824 vivit.
656 2763 754 2840 Quod
774 2775 809 2829 ut
829 2767 966 2848 apertius
987 2764 1106 2826 dicams
1136 2763 1288 2846 quamdiu
1310 2764 1353 2822 vir

280 2851 347 2930 ejus
369 2849 401 2907 in
427 2867 560 2931 corpore
586 2857 641 2910 est.
684 2846 759 2908 Pari
781 2870 854 2933 ergo
875 2849 976 2911 forma
1003 2859 1036 2908 et
1057 2850 1108 2908 vir
1132 2848 1277 2932 illigatus·
1305 2857 1352 2925 est,

102 2932 428 3031 gipuinuqmmdiu
448 2930 557 2994 mulier
580 2932 649 3014 ejus
672 2933 707 2995 iu
730 2953 768 2992 co
828 2955 863 2994 re
891 2943 946 2996 est.
988 2933 1080 2992 Unde
1110 2935 1137 2995 si
1160 2932 1240 2999 vult
1258 2932 1352 2992 dimit·

101 3004 159 3087 rami
177 3000 234 3082 30²3
243 3045 270 3084 u.
281 3031 344 3080 tere
368 3015 547 3096 adulteram,
568 3038 631 3077 non
649 3015 743 3078 ducat
796 3033 912 3096 teram,
939 3015 1088 3098 nequod
1113 3019 1147 3079 iu
1170 3015 1228 3079 illa
1249 3017 1347 3097 culpat,
1378 3060 1381 3065 -

105 3092 346 3185 22{,‘{¹¹‘¹¹¹¹‘¹¹¹'ipse
365 3103 542 3162 committat
586 3100 733 3163 Similiter
756 3114 788 3163 et
806 3103 933 3180 mulier,
965 3103 997 3162 si·
1013 3101 1143 3163 dimittit
1176 3103 1346 3174 adulterum,

230 3218 232 3222 ⁴
279 3208 341 3247 non
363 3184 424 3247 sibi
443 3185 565 3270 copulet
590 3185 738 3248 alterum:
754 3187 875 3272 alligata
896 3200 942 3249 est
954 3187 1043 3263 enim,
1058 3186 1216 3269 quamdiu
1228 3189 1279 3247 vir
1299 3187 1346 3266 ejus

279 3273 363 3347 vivit,
385 3291 442 3330 nec
464 3292 481 3330 a
500 3267 567 3354 lege
586 3272 646 3331 viri
667 3272 726 3331 nisi
744 3274 859 3336 mortui
880 3271 1040 3350 liberatur,
1065 3283 1102 3333 ut
1120 3292 1190 3332 non
1213 3274 1255 3334 sit
1276 3267 1346 3332 adul·

278 3366 354 3433 tera,
377 3356 402 3413 si
422 3355 519 3416 fuerit
534 3375 605 3415 cum
622 3351 682 3417 eho
704 3357 781 3420 viro.
1384 3368 1387 3425 !

361 3436 404 3496 Et
422 3460 490 3522 cap.
507 3450 542 3508 9:
583 3440 637 3517 Et,
663 3441 740 3522 quid
761 3437 801 3504 ad
821 3462 889 3518 nos,
911 3441 938 3503 si
961 3461 1019 3502 nec
1040 3437 1148 3501 saltem
1175 3437 1284 3501 divina
1305 3436 1350 3498 ui·
1383 3452 1387 3479 '¹

200 3520 204 3530 “
279 3522 432 3583 seratione
459 3520 619 3601 mundata,
648 3528 760 3587 marito
793 3524 1013 3588 reconcilietur
1042 3545 1060 3586 a
1088 3524 1183 3585 DEO
1213 3523 1350 3596 adultera,

280 3605 355 3666 dum
375 3617 477 3666 tamen
497 3627 561 3669 non
582 3610 786 3673 reconciliatis
807 3610 977 3688 adulteris,
1000 3630 1065 3670 non
1089 3610 1150 3670 alia
1173 3607 1257 3670 fiant
1280 3604 1350 3690 quffl'

111 3710 130 3742 ι.
146 3698 199 3743 cor.
207 3709 227 3753 7.
237 3711 270 3752 aa.
282 3689 455 3771 connubia,
488 3713 567 3775 quae
591 3697 817 3758 convineuntur
840 3717 904 3756 esse
929 3693 1101 3756 adulterial
1144 3694 1268 3753 Mulier
1289 3693 1349 3753 enim

283 3774 402 3858 alligata
424 3787 486 3854 est,
507 3776 653 3857 quamdiu
673 3781 721 3841 vir
742 3783 808 3863 ejus
829 3782 924 3844 vivit:
965 3781 1052 3862 Ergo
1076 3783 1347 3860 consequenteret

107 3884 141 3925 us
156 3885 244 3945 aussi,
284 3862 331 3920 vir
353 3859 490 3942 alligatus
512 3873 567 3939 est,
593 3862 742 3942 quamdiu
763 3865 874 3925 mulier
894 3867 960 3946 ejus
981 3866 1063 3925 vivit.
1107 3864 1195 3925 Haec
1228 3860 1352 3947 alligatio

107 3941 371 4035 {fissffl'fflorfacit
398 3956 435 4004 ut
456 3944 521 4005 aliis
539 3948 686 4030 conjungi
707 3952 772 4011 sine
797 3949 969 4010 adulterina
990 3947 1190 4033 copulatione
1204 3969 1275 4007 nou
1294 3965 1356 4031 pos·
1385 4022 1387 4031 Ι

108 4029 252 4080 adultum„
289 4031 357 4088 sint.
400 4028 490 4091 Unde
512 4050 634 4093 necesse
657 4045 702 4093 est
722 4054 757 4095 ex
781 4033 902 4096 duobus
929 4034 1117 4176 conjupibus
1139 4044 1285 4113 quatuor
1311 4027 1358 4089 ad·

105 4083 278 4178 {fflpacon-
290 4110 404 4170 ulteros
424 4111 501 4190 fieri,
523 4116 548 4174 si
570 4129 601 4177 et
621 4115 673 4176 illa
694 4112 784 4179 alteri
807 4120 958 4201 nupserit,
976 4129 1007 4178 et
1022 4119 1033 4177 i
1046 4117 1075 4177 le
1092 4115 1224 4176 alteram
1241 4115 1359 4176 duxerit

292 4194 436 4270 Quamvis
455 4199 535 4263 enim
557 4200 735 4267 sceleratius
749 4201 940 4282 moechetur,
964 4203 1019 4288 qui
1032 4221 1098 4264 non
1114 4220 1210 4265 causa
1228 4200 1360 4265 fornice·
