<?xml version="1.0" encoding="UTF-8"?>
<!DOCTYPE html PUBLIC "-//W3C//DTD XHTML 1.0 Transitional//EN"
    "http://www.w3.org/TR/xhtml1/DTD/xhtml1-transitional.dtd">
<html xmlns="http://www.w3.org/1999/xhtml" xml:lang="en" lang="en">
 <head>
  <title>
</title>
<meta http-equiv="Content-Type" content="text/html;charset=utf-8" />
  <meta name='ocr-system' content='tesseract 3.04.00' />
  <meta name='ocr-capabilities' content='ocr_page ocr_carea ocr_par ocr_line ocrx_word'/>
</head>
<body>
  <div class='ocr_page' id='page_1' title='image "./summadoctrinaec01kanigoog_0446.png"; bbox 0 0 2790 4792; ppageno 0'>
   <div class='ocr_carea' id='block_1_1' title="bbox 258 244 1141 415">
    <p class='ocr_par' dir='ltr' id='par_1_1' title="bbox 258 244 1141 415">
     <span class='ocr_line' id='line_1_1' title="bbox 258 244 1141 415; baseline -0.014 -42"><span class='ocrx_word' id='word_1_1' title='bbox 258 400 262 406; x_wconf 20' lang='grc' dir='ltr'>Ι</span> <span class='ocrx_word' id='word_1_2' title='bbox 344 244 755 415; x_wconf 40' lang='lat' dir='ltr'><strong>Jsduususs.</strong></span> <span class='ocrx_word' id='word_1_3' title='bbox 1040 309 1141 405; x_wconf 51' lang='grc' dir='ltr'><strong>Ι433</strong></span> 
     </span>
    </p>
   </div>
   <div class='ocr_carea' id='block_1_2' title="bbox 66 446 1139 642">
    <p class='ocr_par' dir='ltr' id='par_1_2' title="bbox 66 446 1139 642">
     <span class='ocr_line' id='line_1_2' title="bbox 66 446 1139 642; baseline -0.006 -86"><span class='ocrx_word' id='word_1_4' title='bbox 66 494 263 642; x_wconf 76' lang='lat' dir='ltr'><strong>prophanus,</strong></span> <span class='ocrx_word' id='word_1_5' title='bbox 284 489 463 555; x_wconf 71' lang='lat' dir='ltr'><strong>Dominicis</strong></span> <span class='ocrx_word' id='word_1_6' title='bbox 471 488 555 571; x_wconf 84' lang='lat' dir='ltr'><strong>pacis</strong></span> <span class='ocrx_word' id='word_1_7' title='bbox 571 506 608 550; x_wconf 86' lang='lat' dir='ltr'><strong>ae</strong></span> <span class='ocrx_word' id='word_1_8' title='bbox 631 485 753 550; x_wconf 84' lang='lat' dir='ltr'><strong>divinas</strong></span> <span class='ocrx_word' id='word_1_9' title='bbox 771 487 891 550; x_wconf 87' lang='lat' dir='ltr'><strong>unitatis</strong></span> <span class='ocrx_word' id='word_1_10' title='bbox 907 490 1057 570; x_wconf 83' lang='lat' dir='ltr'><strong>inimicus,</strong></span> <span class='ocrx_word' id='word_1_11' title='bbox 1076 446 1139 558; x_wconf 82' lang='lat' dir='ltr'><strong>non</strong></span> 
     </span>
    </p>
   </div>
   <div class='ocr_carea' id='block_1_3' title="bbox 50 568 1366 4275">
    <p class='ocr_par' dir='ltr' id='par_1_3' title="bbox 50 568 1366 1839">
     <span class='ocr_line' id='line_1_3' title="bbox 93 568 1158 659; baseline 0.001 -18"><span class='ocrx_word' id='word_1_12' title='bbox 93 581 210 642; x_wconf 89' lang='lat' dir='ltr'><strong>abitans</strong></span> <span class='ocrx_word' id='word_1_13' title='bbox 238 581 272 638; x_wconf 90' lang='lat' dir='ltr'><strong>in</strong></span> <span class='ocrx_word' id='word_1_14' title='bbox 303 575 393 636; x_wconf 88' lang='lat' dir='ltr'><strong>domo</strong></span> <span class='ocrx_word' id='word_1_15' title='bbox 415 573 511 653; x_wconf 78' lang='lat' dir='ltr'><strong>DEI,</strong></span> <span class='ocrx_word' id='word_1_16' title='bbox 530 571 577 634; x_wconf 26' lang='lat' dir='ltr'><strong>,id</strong></span> <span class='ocrx_word' id='word_1_17' title='bbox 597 583 655 648; x_wconf 79' lang='lat' dir='ltr'><strong>est,</strong></span> <span class='ocrx_word' id='word_1_18' title='bbox 679 571 712 631; x_wconf 82' lang='lat' dir='ltr'><strong>in</strong></span> <span class='ocrx_word' id='word_1_19' title='bbox 737 568 988 655; x_wconf 55' lang='lat' dir='ltr'><strong>EccletlaDEI,</strong></span> <span class='ocrx_word' id='word_1_20' title='bbox 1023 578 1058 637; x_wconf 90' lang='lat' dir='ltr'><strong>in·</strong></span> <span class='ocrx_word' id='word_1_21' title='bbox 1076 596 1158 659; x_wconf 72' lang='lat' dir='ltr'><strong>qus</strong></span> 
     </span>
     <span class='ocr_line' id='line_1_4' title="bbox 67 652 1161 741; baseline -0.001 -17"><span class='ocrx_word' id='word_1_22' title='bbox 67 686 133 726; x_wconf 89' lang='lat' dir='ltr'><strong>non</strong></span> <span class='ocrx_word' id='word_1_23' title='bbox 162 666 223 723; x_wconf 91' lang='lat' dir='ltr'><strong>nisi</strong></span> <span class='ocrx_word' id='word_1_24' title='bbox 248 659 410 722; x_wconf 85' lang='lat' dir='ltr'>concordes</span> <span class='ocrx_word' id='word_1_25' title='bbox 438 668 530 738; x_wconf 83' lang='lat' dir='ltr'><strong>atque</strong></span> <span class='ocrx_word' id='word_1_26' title='bbox 564 652 719 716; x_wconf 80' lang='lat' dir='ltr'><strong>unanimes</strong></span> <span class='ocrx_word' id='word_1_27' title='bbox 743 653 904 716; x_wconf 78' lang='lat' dir='ltr'><strong>habitanti</strong></span> <span class='ocrx_word' id='word_1_28' title='bbox 937 657 1085 741; x_wconf 80' lang='lat' dir='ltr'><strong>loquente</strong></span> <span class='ocrx_word' id='word_1_29' title='bbox 1103 662 1161 723; x_wconf 87' lang='lat' dir='ltr'><strong>in.</strong></span> 
     </span>
     <span class='ocr_line' id='line_1_5' title="bbox 66 722 1276 842; baseline 0 -34"><span class='ocrx_word' id='word_1_30' title='bbox 66 749 200 810; x_wconf 80' lang='lat' dir='ltr'><strong>Psalmis</strong></span> <span class='ocrx_word' id='word_1_31' title='bbox 220 747 336 828; x_wconf 83' lang='lat' dir='ltr'><strong>Spiritu</strong></span> <span class='ocrx_word' id='word_1_32' title='bbox 353 753 456 803; x_wconf 88' lang='lat' dir='ltr'><strong>sancto</strong></span> <span class='ocrx_word' id='word_1_33' title='bbox 471 754 502 801; x_wconf 87' lang='lat' dir='ltr'><strong>et</strong></span> <span class='ocrx_word' id='word_1_34' title='bbox 524 739 665 799; x_wconf 80' lang='lat' dir='ltr'><strong>dicente:</strong></span> <span class='ocrx_word' id='word_1_35' title='bbox 707 722 802 815; x_wconf 75' lang='lat' dir='ltr'><strong>Deci,</strong></span> <span class='ocrx_word' id='word_1_36' title='bbox 821 739 877 819; x_wconf 88' lang='lat' dir='ltr'><strong>qui</strong></span> <span class='ocrx_word' id='word_1_37' title='bbox 901 738 1040 803; x_wconf 88' lang='lat' dir='ltr'><strong>habitare</strong></span> <span class='ocrx_word' id='word_1_38' title='bbox 1062 744 1203 842; x_wconf 58' lang='lat' dir='ltr'><strong>fassit„⁸⁸¹¹</strong></span> <span class='ocrx_word' id='word_1_39' title='bbox 1220 802 1276 842; x_wconf 56' lang='lat' dir='ltr'><em>m</em></span> 
     </span>
     <span class='ocr_line' id='line_1_6' title="bbox 66 821 1348 907; baseline -0.002 -15"><span class='ocrx_word' id='word_1_40' title='bbox 66 834 227 892; x_wconf 84' lang='lat' dir='ltr'><strong>unanimes</strong></span> <span class='ocrx_word' id='word_1_41' title='bbox 248 832 279 889; x_wconf 90' lang='lat' dir='ltr'><strong>in</strong></span> <span class='ocrx_word' id='word_1_42' title='bbox 299 827 399 888; x_wconf 88' lang='lat' dir='ltr'><strong>domo.</strong></span> <span class='ocrx_word' id='word_1_43' title='bbox 441 824 582 886; x_wconf 87' lang='lat' dir='ltr'><strong>Ibidem:</strong></span> <span class='ocrx_word' id='word_1_44' title='bbox 622 821 720 897; x_wconf 88' lang='lat' dir='ltr'><strong>Quod</strong></span> <span class='ocrx_word' id='word_1_45' title='bbox 737 842 811 882; x_wconf 87' lang='lat' dir='ltr'><strong>vero</strong></span> <span class='ocrx_word' id='word_1_46' title='bbox 831 822 970 900; x_wconf 87' lang='lat' dir='ltr'><strong>eundem,</strong></span> <span class='ocrx_word' id='word_1_47' title='bbox 992 846 1084 907; x_wconf 89' lang='lat' dir='ltr'><strong>quem</strong></span> <span class='ocrx_word' id='word_1_48' title='bbox 1105 840 1136 890; x_wconf 88' lang='lat' dir='ltr'><strong>et</strong></span> <span class='ocrx_word' id='word_1_49' title='bbox 1204 821 1210 836; x_wconf 77' lang='grc'>’</span> <span class='ocrx_word' id='word_1_50' title='bbox 1245 821 1284 844; x_wconf 80' lang='grc'>”</span> <span class='ocrx_word' id='word_1_51' title='bbox 1345 873 1348 881; x_wconf 79' lang='lat'><em>·</em></span> 
     </span>
     <span class='ocr_line' id='line_1_7' title="bbox 65 887 1366 986; baseline 0 -10"><span class='ocrx_word' id='word_1_52' title='bbox 65 931 129 976; x_wconf 69' lang='lat' dir='ltr'><strong>nas</strong></span> <span class='ocrx_word' id='word_1_53' title='bbox 152 914 248 974; x_wconf 65' lang='lat' dir='ltr'><strong>neum</strong></span> <span class='ocrx_word' id='word_1_54' title='bbox 275 913 419 986; x_wconf 70' lang='lat' dir='ltr'><strong>Patrem,</strong></span> <span class='ocrx_word' id='word_1_55' title='bbox 450 907 579 966; x_wconf 70' lang='lat' dir='ltr'><strong>eundem</strong></span> <span class='ocrx_word' id='word_1_56' title='bbox 614 905 726 966; x_wconf 72' lang='lat' dir='ltr'><strong>uitium</strong></span> <span class='ocrx_word' id='word_1_57' title='bbox 754 906 978 984; x_wconf 79' lang='lat' dir='ltr'><strong>cHBJSTUM,</strong></span> <span class='ocrx_word' id='word_1_58' title='bbox 1008 887 1310 978; x_wconf 64' lang='lat' dir='ltr'><strong>eundemittttttilt</strong></span> <span class='ocrx_word' id='word_1_59' title='bbox 1364 946 1366 951; x_wconf 84' lang='lat'><em>·</em></span> 
     </span>
     <span class='ocr_line' id='line_1_8' title="bbox 67 985 1309 1082; baseline -0.002 -24"><span class='ocrx_word' id='word_1_60' title='bbox 67 1001 217 1082; x_wconf 89' lang='lat' dir='ltr'><strong>Spiritum</strong></span> <span class='ocrx_word' id='word_1_61' title='bbox 239 1009 373 1057; x_wconf 85' lang='lat' dir='ltr'><strong>sanetum</strong></span> <span class='ocrx_word' id='word_1_62' title='bbox 397 1013 486 1051; x_wconf 93' lang='lat' dir='ltr'><strong>nosse</strong></span> <span class='ocrx_word' id='word_1_63' title='bbox 508 990 674 1068; x_wconf 87' lang='lat' dir='ltr'><strong>dicuntur,</strong></span> <span class='ocrx_word' id='word_1_64' title='bbox 702 990 764 1050; x_wconf 89' lang='lat' dir='ltr'><strong>&#39;neo</strong></span> <span class='ocrx_word' id='word_1_65' title='bbox 799 989 860 1050; x_wconf 90' lang='lat' dir='ltr'><strong>hoc</strong></span> <span class='ocrx_word' id='word_1_66' title='bbox 894 990 1041 1073; x_wconf 83' lang='lat' dir='ltr'><strong>adjuvare</strong></span> <span class='ocrx_word' id='word_1_67' title='bbox 1060 995 1135 1055; x_wconf 87' lang='lat' dir='ltr'><strong>tales</strong></span> <span class='ocrx_word' id='word_1_68' title='bbox 1145 985 1309 1076; x_wconf 53' lang='lat' dir='ltr'><strong>ffssclfjg’g‘lw‘l</strong></span> 
     </span>
     <span class='ocr_line' id='line_1_9' title="bbox 65 1060 1330 1169; baseline -0.002 -26"><span class='ocrx_word' id='word_1_69' title='bbox 65 1094 183 1169; x_wconf 82' lang='lat' dir='ltr'><strong>potest.</strong></span> <span class='ocrx_word' id='word_1_70' title='bbox 222 1083 298 1142; x_wconf 88' lang='lat' dir='ltr'><strong>Nam</strong></span> <span class='ocrx_word' id='word_1_71' title='bbox 317 1092 348 1141; x_wconf 92' lang='lat' dir='ltr'><strong>et</strong></span> <span class='ocrx_word' id='word_1_72' title='bbox 372 1075 475 1136; x_wconf 88' lang='lat' dir='ltr'><strong>Chore</strong></span> <span class='ocrx_word' id='word_1_73' title='bbox 498 1060 668 1149; x_wconf 82' lang='lat' dir='ltr'><strong>et&#39;Dathau</strong></span> <span class='ocrx_word' id='word_1_74' title='bbox 688 1087 718 1135; x_wconf 89' lang='lat' dir='ltr'><strong>et</strong></span> <span class='ocrx_word' id='word_1_75' title='bbox 735 1073 858 1137; x_wconf 81' lang='lat' dir='ltr'><strong>Abirou</strong></span> <span class='ocrx_word' id='word_1_76' title='bbox 883 1097 953 1136; x_wconf 90' lang='lat' dir='ltr'><strong>cum</strong></span> <span class='ocrx_word' id='word_1_77' title='bbox 970 1075 1137 1142; x_wconf 81' lang='lat' dir='ltr'><strong>Sacerdote</strong></span> <span class='ocrx_word' id='word_1_78' title='bbox 1253 1065 1260 1082; x_wconf 61' lang='lat'>⁸</span> <span class='ocrx_word' id='word_1_79' title='bbox 1321 1068 1330 1085; x_wconf 35' lang='grc' dir='ltr'><em>Ι</em></span> 
     </span>
     <span class='ocr_line' id='line_1_10' title="bbox 62 1158 1136 1243; baseline -0.011 -15"><span class='ocrx_word' id='word_1_80' title='bbox 62 1168 171 1228; x_wconf 81' lang='lat' dir='ltr'><strong>Aaron</strong></span> <span class='ocrx_word' id='word_1_81' title='bbox 193 1178 224 1225; x_wconf 92' lang='lat' dir='ltr'><strong>et</strong></span> <span class='ocrx_word' id='word_1_82' title='bbox 245 1166 353 1240; x_wconf 82' lang='lat' dir='ltr'><strong>Moyse</strong></span> <span class='ocrx_word' id='word_1_83' title='bbox 374 1158 503 1219; x_wconf 90' lang='lat' dir='ltr'><strong>eundem</strong></span> <span class='ocrx_word' id='word_1_84' title='bbox 522 1159 621 1218; x_wconf 84' lang='lat' dir='ltr'><strong>Deum</strong></span> <span class='ocrx_word' id='word_1_85' title='bbox 642 1171 800 1237; x_wconf 81' lang='lat' dir='ltr'><strong>noverant,</strong></span> <span class='ocrx_word' id='word_1_86' title='bbox 821 1161 890 1241; x_wconf 87' lang='lat' dir='ltr'><strong>pari</strong></span> <span class='ocrx_word' id='word_1_87' title='bbox 925 1160 989 1243; x_wconf 86' lang='lat' dir='ltr'><strong>lege</strong></span> <span class='ocrx_word' id='word_1_88' title='bbox 1013 1172 1043 1221; x_wconf 90' lang='lat' dir='ltr'><strong>et</strong></span> <span class='ocrx_word' id='word_1_89' title='bbox 1062 1160 1136 1222; x_wconf 75' lang='lat' dir='ltr'><strong>reh-</strong></span> 
     </span>
     <span class='ocr_line' id='line_1_11' title="bbox 65 1235 1356 1338; baseline -0.003 -28"><span class='ocrx_word' id='word_1_90' title='bbox 65 1254 160 1334; x_wconf 83' lang='lat' dir='ltr'><strong>gionc</strong></span> <span class='ocrx_word' id='word_1_91' title='bbox 179 1252 329 1322; x_wconf 77' lang='lat' dir='ltr'><strong>viventes,</strong></span> <span class='ocrx_word' id='word_1_92' title='bbox 349 1264 443 1303; x_wconf 89' lang='lat' dir='ltr'><strong>unum</strong></span> <span class='ocrx_word' id='word_1_93' title='bbox 466 1253 495 1301; x_wconf 91' lang='lat' dir='ltr'><strong>et</strong></span> <span class='ocrx_word' id='word_1_94' title='bbox 523 1246 624 1305; x_wconf 85' lang='lat' dir='ltr'><strong>verum</strong></span> <span class='ocrx_word' id='word_1_95' title='bbox 648 1245 771 1320; x_wconf 85' lang='lat' dir='ltr'><strong>Deum,</strong></span> <span class='ocrx_word' id='word_1_96' title='bbox 801 1246 854 1324; x_wconf 88' lang='lat' dir='ltr'><strong>qui</strong></span> <span class='ocrx_word' id='word_1_97' title='bbox 874 1243 1020 1304; x_wconf 88' lang='lat' dir='ltr'><strong>colendus</strong></span> <span class='ocrx_word' id='word_1_98' title='bbox 1047 1237 1214 1338; x_wconf 54' lang='lat' dir='ltr'><strong>atqueffilqffm&#39;</strong></span> <span class='ocrx_word' id='word_1_99' title='bbox 1227 1235 1294 1288; x_wconf 65' lang='lat'><strong>‘⁶2¹&#39;</strong></span> <span class='ocrx_word' id='word_1_100' title='bbox 1353 1274 1356 1295; x_wconf 67' lang='grc' dir='ltr'>ι</span> 
     </span>
     <span class='ocr_line' id='line_1_12' title="bbox 65 1326 1285 1420; baseline -0.006 -24"><span class='ocrx_word' id='word_1_101' title='bbox 65 1335 257 1396; x_wconf 84' lang='lat' dir='ltr'><strong>invocandus</strong></span> <span class='ocrx_word' id='word_1_102' title='bbox 282 1332 392 1402; x_wconf 88' lang='lat' dir='ltr'><strong>fuerat,</strong></span> <span class='ocrx_word' id='word_1_103' title='bbox 413 1326 604 1388; x_wconf 85' lang='lat' dir='ltr'><strong>invocabant</strong></span> <span class='ocrx_word' id='word_1_104' title='bbox 647 1327 761 1386; x_wconf 81' lang='lat' dir='ltr'><strong>Tamen</strong></span> <span class='ocrx_word' id='word_1_105' title='bbox 786 1329 858 1407; x_wconf 90' lang='lat' dir='ltr'><strong>quia</strong></span> <span class='ocrx_word' id='word_1_106' title='bbox 884 1327 947 1389; x_wconf 88' lang='lat' dir='ltr'><strong>loci</strong></span> <span class='ocrx_word' id='word_1_107' title='bbox 971 1330 1018 1388; x_wconf 89' lang='lat' dir='ltr'><strong>sui</strong></span> <span class='ocrx_word' id='word_1_108' title='bbox 1046 1331 1139 1392; x_wconf 87' lang='lat' dir='ltr'><strong>mini·</strong></span> <span class='ocrx_word' id='word_1_109' title='bbox 1147 1372 1231 1420; x_wconf 50' lang='lat' dir='ltr'><strong>mim</strong></span> <span class='ocrx_word' id='word_1_110' title='bbox 1245 1377 1285 1417; x_wconf 66' lang='lat' dir='ltr'><strong>om</strong></span> 
     </span>
     <span class='ocr_line' id='line_1_13' title="bbox 64 1400 1308 1496; baseline -0.005 -16"><span class='ocrx_word' id='word_1_111' title='bbox 64 1422 195 1480; x_wconf 82' lang='lat' dir='ltr'><strong>starium</strong></span> <span class='ocrx_word' id='word_1_112' title='bbox 213 1413 392 1496; x_wconf 72' lang='lat' dir='ltr'><strong>transgressi</strong></span> <span class='ocrx_word' id='word_1_113' title='bbox 414 1423 523 1471; x_wconf 87' lang='lat' dir='ltr'><strong>contra</strong></span> <span class='ocrx_word' id='word_1_114' title='bbox 553 1411 658 1473; x_wconf 83' lang='lat' dir='ltr'><strong>Aaron</strong></span> <span class='ocrx_word' id='word_1_115' title='bbox 677 1410 885 1495; x_wconf 83' lang='lat' dir='ltr'><strong>sacerdotem,</strong></span> <span class='ocrx_word' id='word_1_116' title='bbox 909 1414 964 1493; x_wconf 93' lang='lat' dir='ltr'><strong>qui</strong></span> <span class='ocrx_word' id='word_1_117' title='bbox 993 1414 1136 1473; x_wconf 87' lang='lat' dir='ltr'><strong>sacerdo·</strong></span> <span class='ocrx_word' id='word_1_118' title='bbox 1148 1426 1185 1484; x_wconf 74' lang='grc' dir='ltr'><strong>οἱς)</strong></span> <span class='ocrx_word' id='word_1_119' title='bbox 1201 1437 1253 1464; x_wconf 75' lang='lat'><strong>⁸⁰⁸⁰</strong></span> <span class='ocrx_word' id='word_1_120' title='bbox 1269 1400 1308 1465; x_wconf 63' lang='lat' dir='ltr'><strong>ini·</strong></span> 
     </span>
     <span class='ocr_line' id='line_1_14' title="bbox 55 1479 1280 1582; baseline -0.004 -18"><span class='ocrx_word' id='word_1_121' title='bbox 55 1504 147 1563; x_wconf 79' lang='lat' dir='ltr'><strong>tium</strong></span> <span class='ocrx_word' id='word_1_122' title='bbox 173 1501 339 1582; x_wconf 86' lang='lat' dir='ltr'><strong>legitimum</strong></span> <span class='ocrx_word' id='word_1_123' title='bbox 359 1496 535 1577; x_wconf 79' lang='lat' dir='ltr'><strong>dignatione</strong></span> <span class='ocrx_word' id='word_1_124' title='bbox 565 1495 625 1556; x_wconf 93' lang='lat' dir='ltr'><strong>Dei</strong></span> <span class='ocrx_word' id='word_1_125' title='bbox 656 1507 750 1576; x_wconf 87' lang='lat' dir='ltr'><strong>atque</strong></span> <span class='ocrx_word' id='word_1_126' title='bbox 776 1495 969 1558; x_wconf 89' lang='lat' dir='ltr'><strong>ordinatione</strong></span> <span class='ocrx_word' id='word_1_127' title='bbox 989 1479 1280 1581; x_wconf 53' lang='lat' dir='ltr'><strong>percepe-mmw*</strong></span> 
     </span>
     <span class='ocr_line' id='line_1_15' title="bbox 55 1577 1157 1665; baseline -0.007 -18"><span class='ocrx_word' id='word_1_128' title='bbox 55 1599 127 1663; x_wconf 65' lang='lat' dir='ltr'><strong>mat,</strong></span> <span class='ocrx_word' id='word_1_129' title='bbox 152 1580 344 1644; x_wconf 87' lang='lat' dir='ltr'><strong>sacrificandi</strong></span> <span class='ocrx_word' id='word_1_130' title='bbox 371 1579 429 1639; x_wconf 87' lang='lat' dir='ltr'><strong>sihi</strong></span> <span class='ocrx_word' id='word_1_131' title='bbox 456 1577 612 1639; x_wconf 79' lang='lat' dir='ltr'><strong>licentiam</strong></span> <span class='ocrx_word' id='word_1_132' title='bbox 633 1579 878 1654; x_wconf 81' lang='lat' dir='ltr'><strong>vindicaverunt,</strong></span> <span class='ocrx_word' id='word_1_133' title='bbox 900 1579 1045 1641; x_wconf 82' lang='lat' dir='ltr'><strong>divinitus</strong></span> <span class='ocrx_word' id='word_1_134' title='bbox 1064 1603 1157 1665; x_wconf 77' lang='lat' dir='ltr'><strong>por·,</strong></span> 
     </span>
     <span class='ocr_line' id='line_1_16' title="bbox 55 1662 1179 1747; baseline -0.005 -18"><span class='ocrx_word' id='word_1_135' title='bbox 55 1671 155 1733; x_wconf 66' lang='lat' dir='ltr'><strong>mussi</strong></span> <span class='ocrx_word' id='word_1_136' title='bbox 187 1684 301 1747; x_wconf 86' lang='lat' dir='ltr'><strong>poenas</strong></span> <span class='ocrx_word' id='word_1_137' title='bbox 330 1665 430 1723; x_wconf 88' lang='lat' dir='ltr'><strong>statim</strong></span> <span class='ocrx_word' id='word_1_138' title='bbox 460 1684 520 1746; x_wconf 86' lang='lat' dir='ltr'><strong>pro</strong></span> <span class='ocrx_word' id='word_1_139' title='bbox 542 1662 656 1723; x_wconf 86' lang='lat' dir='ltr'><strong>illicitis</strong></span> <span class='ocrx_word' id='word_1_140' title='bbox 683 1662 847 1723; x_wconf 89' lang='lat' dir='ltr'><strong>conatibus</strong></span> <span class='ocrx_word' id='word_1_141' title='bbox 872 1662 1060 1746; x_wconf 79' lang='lat' dir='ltr'><strong>penderant,</strong></span> <span class='ocrx_word' id='word_1_142' title='bbox 1083 1685 1140 1726; x_wconf 91' lang='lat' dir='ltr'><strong>nee</strong></span> <span class='ocrx_word' id='word_1_143' title='bbox 1177 1671 1179 1674; x_wconf 66' lang='lat'>‘</span> 
     </span>
     <span class='ocr_line' id='line_1_17' title="bbox 50 1745 1142 1839; baseline -0.001 -29"><span class='ocrx_word' id='word_1_144' title='bbox 50 1761 244 1839; x_wconf 68' lang='lat' dir='ltr'><strong>Potuerunt</strong></span> <span class='ocrx_word' id='word_1_145' title='bbox 257 1759 323 1807; x_wconf 83' lang='lat' dir='ltr'><strong>rata</strong></span> <span class='ocrx_word' id='word_1_146' title='bbox 347 1766 419 1807; x_wconf 86' lang='lat' dir='ltr'><strong>esse</strong></span> <span class='ocrx_word' id='word_1_147' title='bbox 435 1759 466 1807; x_wconf 92' lang='lat' dir='ltr'><strong>et</strong></span> <span class='ocrx_word' id='word_1_148' title='bbox 484 1745 639 1830; x_wconf 82' lang='lat' dir='ltr'><strong>proficere</strong></span> <span class='ocrx_word' id='word_1_149' title='bbox 657 1745 817 1825; x_wconf 86' lang='lat' dir='ltr'><strong>sacrificia,</strong></span> <span class='ocrx_word' id='word_1_150' title='bbox 839 1746 1008 1831; x_wconf 79' lang='lat' dir='ltr'><strong>irreligiose</strong></span> <span class='ocrx_word' id='word_1_151' title='bbox 1030 1760 1061 1809; x_wconf 89' lang='lat' dir='ltr'><strong>et</strong></span> <span class='ocrx_word' id='word_1_152' title='bbox 1078 1749 1142 1809; x_wconf 89' lang='lat' dir='ltr'><strong>illi·</strong></span> 
     </span>
    </p>

    <p class='ocr_par' dir='ltr' id='par_1_4' title="bbox 67 1822 1144 1914">
     <span class='ocr_line' id='line_1_18' title="bbox 67 1822 1144 1914; baseline -0.002 -17"><span class='ocrx_word' id='word_1_153' title='bbox 67 1832 138 1897; x_wconf 80' lang='lat' dir='ltr'><strong>cite</strong></span> <span class='ocrx_word' id='word_1_154' title='bbox 171 1843 278 1892; x_wconf 89' lang='lat' dir='ltr'><strong>contra</strong></span> <span class='ocrx_word' id='word_1_155' title='bbox 309 1822 363 1912; x_wconf 63' lang='lat' dir='ltr'><strong>¹jus</strong></span> <span class='ocrx_word' id='word_1_156' title='bbox 402 1830 522 1891; x_wconf 84' lang='lat' dir='ltr'><strong>divinae</strong></span> <span class='ocrx_word' id='word_1_157' title='bbox 552 1829 764 1914; x_wconf 87' lang='lat' dir='ltr'><strong>dispositionis</strong></span> <span class='ocrx_word' id='word_1_158' title='bbox 794 1829 905 1891; x_wconf 89' lang='lat' dir='ltr'><strong>oblata.</strong></span> <span class='ocrx_word' id='word_1_159' title='bbox 957 1831 1144 1895; x_wconf 74' lang='lat' dir='ltr'><strong>&#39;Thurihula</strong></span> 
     </span>
    </p>

    <p class='ocr_par' dir='ltr' id='par_1_5' title="bbox 51 1913 1219 2249">
     <span class='ocr_line' id='line_1_19' title="bbox 56 1913 1143 2000; baseline 0.002 -24"><span class='ocrx_word' id='word_1_160' title='bbox 56 1937 205 2000; x_wconf 84' lang='lat' dir='ltr'><strong>quoque</strong></span> <span class='ocrx_word' id='word_1_161' title='bbox 225 1917 302 1997; x_wconf 89' lang='lat' dir='ltr'><strong>ipsa,</strong></span> <span class='ocrx_word' id='word_1_162' title='bbox 327 1917 359 1981; x_wconf 90' lang='lat' dir='ltr'><strong>in</strong></span> <span class='ocrx_word' id='word_1_163' title='bbox 379 1914 492 1996; x_wconf 90' lang='lat' dir='ltr'><strong>quihus</strong></span> <span class='ocrx_word' id='word_1_164' title='bbox 506 1917 664 1976; x_wconf 88' lang='lat' dir='ltr'><strong>incensum</strong></span> <span class='ocrx_word' id='word_1_165' title='bbox 684 1914 790 1974; x_wconf 87' lang='lat' dir='ltr'><strong>illicite</strong></span> <span class='ocrx_word' id='word_1_166' title='bbox 810 1915 911 1975; x_wconf 83' lang='lat' dir='ltr'><strong>fuerat</strong></span> <span class='ocrx_word' id='word_1_167' title='bbox 933 1913 1081 1994; x_wconf 90' lang='lat' dir='ltr'><strong>oblatum,</strong></span> <span class='ocrx_word' id='word_1_168' title='bbox 1102 1938 1143 1978; x_wconf 90' lang='lat' dir='ltr'><strong>ne</strong></span> 
     </span>
     <span class='ocr_line' id='line_1_20' title="bbox 51 1995 1142 2085; baseline 0.005 -29"><span class='ocrx_word' id='word_1_169' title='bbox 51 2002 99 2063; x_wconf 84' lang='lat' dir='ltr'><strong>in</strong></span> <span class='ocrx_word' id='word_1_170' title='bbox 124 2020 184 2057; x_wconf 90' lang='lat' dir='ltr'><strong>usu</strong></span> <span class='ocrx_word' id='word_1_171' title='bbox 206 1998 244 2058; x_wconf 93' lang='lat' dir='ltr'><strong>de</strong></span> <span class='ocrx_word' id='word_1_172' title='bbox 269 2009 389 2060; x_wconf 85' lang='lat' dir='ltr'><strong>caetero</strong></span> <span class='ocrx_word' id='word_1_173' title='bbox 412 2010 510 2058; x_wconf 89' lang='lat' dir='ltr'><strong>essent</strong></span> <span class='ocrx_word' id='word_1_174' title='bbox 530 1996 763 2072; x_wconf 84' lang='lat' dir='ltr'><strong>sacerdotibus,</strong></span> <span class='ocrx_word' id='word_1_175' title='bbox 784 1995 841 2058; x_wconf 89' lang='lat' dir='ltr'><strong>sed</strong></span> <span class='ocrx_word' id='word_1_176' title='bbox 896 2002 976 2060; x_wconf 91' lang='lat' dir='ltr'><strong>otius</strong></span> <span class='ocrx_word' id='word_1_177' title='bbox 998 2001 1142 2085; x_wconf 84' lang='lat' dir='ltr'><strong>indigua·</strong></span> 
     </span>
     <span class='ocr_line' id='line_1_21' title="bbox 53 2021 1219 2168; baseline 0.003 -25"><span class='ocrx_word' id='word_1_178' title='bbox 53 2084 165 2147; x_wconf 69' lang='lat' dir='ltr'><strong>tionis</strong></span> <span class='ocrx_word' id='word_1_179' title='bbox 189 2094 220 2140; x_wconf 92' lang='lat' dir='ltr'><strong>et</strong></span> <span class='ocrx_word' id='word_1_180' title='bbox 235 2081 361 2141; x_wconf 86' lang='lat' dir='ltr'><strong>ultiouis</strong></span> <span class='ocrx_word' id='word_1_181' title='bbox 385 2080 504 2140; x_wconf 86' lang='lat' dir='ltr'><strong>divinae</strong></span> <span class='ocrx_word' id='word_1_182' title='bbox 525 2082 700 2141; x_wconf 79' lang='lat' dir='ltr'><strong>memoriam</strong></span> <span class='ocrx_word' id='word_1_183' title='bbox 717 2021 908 2166; x_wconf 78' lang='lat' dir='ltr'><strong>corrigendis</strong></span> <span class='ocrx_word' id='word_1_184' title='bbox 938 2088 1069 2168; x_wconf 90' lang='lat' dir='ltr'><strong>posteris</strong></span> <span class='ocrx_word' id='word_1_185' title='bbox 1089 2106 1146 2146; x_wconf 83' lang='lat' dir='ltr'><strong>ex-.</strong></span> <span class='ocrx_word' id='word_1_186' title='bbox 1217 2078 1219 2082; x_wconf 11' lang='grc' dir='ltr'><em>Α</em></span> 
     </span>
     <span class='ocr_line' id='line_1_22' title="bbox 60 2158 1143 2249; baseline -0.003 -18"><span class='ocrx_word' id='word_1_187' title='bbox 60 2158 225 2239; x_wconf 76' lang='lat' dir='ltr'><strong>hiber&#39;ent,</strong></span> <span class='ocrx_word' id='word_1_188' title='bbox 247 2167 335 2246; x_wconf 86' lang='lat' dir='ltr'><strong>jussu</strong></span> <span class='ocrx_word' id='word_1_189' title='bbox 354 2165 479 2241; x_wconf 80' lang='lat' dir='ltr'><strong>Domini</strong></span> <span class='ocrx_word' id='word_1_190' title='bbox 500 2164 641 2242; x_wconf 86' lang='lat' dir='ltr'><strong>conflata,</strong></span> <span class='ocrx_word' id='word_1_191' title='bbox 662 2177 755 2246; x_wconf 86' lang='lat' dir='ltr'><strong>atque</strong></span> <span class='ocrx_word' id='word_1_192' title='bbox 778 2166 848 2247; x_wconf 91' lang='lat' dir='ltr'><strong>igne</strong></span> <span class='ocrx_word' id='word_1_193' title='bbox 879 2179 1021 2249; x_wconf 87' lang='lat' dir='ltr'><strong>purgata,</strong></span> <span class='ocrx_word' id='word_1_194' title='bbox 1042 2172 1074 2227; x_wconf 91' lang='lat' dir='ltr'><strong>in</strong></span> <span class='ocrx_word' id='word_1_195' title='bbox 1096 2169 1143 2229; x_wconf 89' lang='lat' dir='ltr'><strong>la-</strong></span> 
     </span>
    </p>

    <p class='ocr_par' dir='ltr' id='par_1_6' title="bbox 61 2248 1142 2331">
     <span class='ocr_line' id='line_1_23' title="bbox 61 2248 1142 2331; baseline -0.002 -18"><span class='ocrx_word' id='word_1_196' title='bbox 61 2255 172 2314; x_wconf 78' lang='lat' dir='ltr'><strong>minas</strong></span> <span class='ocrx_word' id='word_1_197' title='bbox 204 2249 332 2309; x_wconf 82' lang='lat' dir='ltr'><strong>ductiles</strong></span> <span class='ocrx_word' id='word_1_198' title='bbox 353 2249 585 2331; x_wconf 89' lang='lat' dir='ltr'><strong>producuntur,</strong></span> <span class='ocrx_word' id='word_1_199' title='bbox 609 2260 641 2308; x_wconf 89' lang='lat' dir='ltr'><strong>et</strong></span> <span class='ocrx_word' id='word_1_200' title='bbox 661 2248 822 2329; x_wconf 84' lang='lat' dir='ltr'><strong>affiguntur</strong></span> <span class='ocrx_word' id='word_1_201' title='bbox 843 2248 952 2322; x_wconf 87' lang='lat' dir='ltr'><strong>altari,</strong></span> <span class='ocrx_word' id='word_1_202' title='bbox 975 2251 1142 2312; x_wconf 89' lang='lat' dir='ltr'><strong>secundum</strong></span> 
     </span>
    </p>

    <p class='ocr_par' dir='ltr' id='par_1_7' title="bbox 57 2328 1317 2580">
     <span class='ocr_line' id='line_1_24' title="bbox 72 2328 1308 2420; baseline -0.001 -26"><span class='ocrx_word' id='word_1_203' title='bbox 72 2334 163 2417; x_wconf 86' lang='lat' dir='ltr'><strong>qnod</strong></span> <span class='ocrx_word' id='word_1_204' title='bbox 185 2332 323 2414; x_wconf 89' lang='lat' dir='ltr'><strong>loquitur</strong></span> <span class='ocrx_word' id='word_1_205' title='bbox 354 2333 507 2417; x_wconf 90' lang='lat' dir='ltr'><strong>scriptura</strong></span> <span class='ocrx_word' id='word_1_206' title='bbox 540 2333 659 2393; x_wconf 77' lang='lat' dir='ltr'><strong>divinas</strong></span> <span class='ocrx_word' id='word_1_207' title='bbox 700 2328 895 2406; x_wconf 87' lang='lat' dir='ltr'><strong>Memoriale,</strong></span> <span class='ocrx_word' id='word_1_208' title='bbox 924 2333 1043 2412; x_wconf 87' lang='lat' dir='ltr'><strong>inquit,</strong></span> <span class='ocrx_word' id='word_1_209' title='bbox 1070 2331 1142 2393; x_wconf 89' lang='lat' dir='ltr'><strong>filiis</strong></span> <span class='ocrx_word' id='word_1_210' title='bbox 1152 2373 1218 2418; x_wconf 58' lang='lat' dir='ltr'><strong>Em,</strong></span> <span class='ocrx_word' id='word_1_211' title='bbox 1230 2372 1258 2420; x_wconf 65' lang='lat'><strong>,3</strong></span> <span class='ocrx_word' id='word_1_212' title='bbox 1283 2380 1308 2420; x_wconf 58' lang='grc' dir='ltr'><strong>η</strong></span> 
     </span>
     <span class='ocr_line' id='line_1_25' title="bbox 64 2402 1317 2495; baseline -0.003 -14"><span class='ocrx_word' id='word_1_213' title='bbox 64 2417 177 2492; x_wconf 79' lang='lat' dir='ltr'><strong>lsrael,</strong></span> <span class='ocrx_word' id='word_1_214' title='bbox 199 2430 317 2480; x_wconf 90' lang='lat' dir='ltr'><strong>utnon</strong></span> <span class='ocrx_word' id='word_1_215' title='bbox 341 2419 465 2477; x_wconf 84' lang='lat' dir='ltr'><strong>accedat</strong></span> <span class='ocrx_word' id='word_1_216' title='bbox 488 2417 652 2495; x_wconf 88' lang='lat' dir='ltr'><strong>quisquam</strong></span> <span class='ocrx_word' id='word_1_217' title='bbox 675 2412 856 2494; x_wconf 80' lang='lat' dir='ltr'><strong>alienigena,</strong></span> <span class='ocrx_word' id='word_1_218' title='bbox 879 2415 932 2492; x_wconf 90' lang='lat' dir='ltr'><strong>qui</strong></span> <span class='ocrx_word' id='word_1_219' title='bbox 957 2427 1084 2477; x_wconf 89' lang='lat' dir='ltr'><strong>nonest</strong></span> <span class='ocrx_word' id='word_1_220' title='bbox 1108 2436 1144 2476; x_wconf 82' lang='lat' dir='ltr'><strong>ex</strong></span> <span class='ocrx_word' id='word_1_221' title='bbox 1259 2402 1267 2422; x_wconf 74' lang='lat'><em>’</em></span> <span class='ocrx_word' id='word_1_222' title='bbox 1309 2403 1317 2421; x_wconf 65' lang='lat'><strong><em>⁹</em></strong></span> 
     </span>
     <span class='ocr_line' id='line_1_26' title="bbox 57 2497 1149 2580; baseline -0.004 -15"><span class='ocrx_word' id='word_1_223' title='bbox 57 2507 187 2565; x_wconf 72' lang='lat' dir='ltr'><strong>semine</strong></span> <span class='ocrx_word' id='word_1_224' title='bbox 206 2501 330 2574; x_wconf 74' lang='lat' dir='ltr'><strong>Aaron,</strong></span> <span class='ocrx_word' id='word_1_225' title='bbox 361 2502 518 2580; x_wconf 88' lang='lat' dir='ltr'><strong>imponere</strong></span> <span class='ocrx_word' id='word_1_226' title='bbox 548 2500 706 2556; x_wconf 87' lang='lat' dir='ltr'><strong>incensum</strong></span> <span class='ocrx_word' id='word_1_227' title='bbox 729 2506 799 2553; x_wconf 85' lang='lat' dir='ltr'><strong>ante</strong></span> <span class='ocrx_word' id='word_1_228' title='bbox 819 2497 999 2575; x_wconf 89' lang='lat' dir='ltr'><strong>Dominum,</strong></span> <span class='ocrx_word' id='word_1_229' title='bbox 1027 2511 1149 2561; x_wconf 87' lang='lat' dir='ltr'><strong>utnon</strong></span> 
     </span>
    </p>

    <p class='ocr_par' dir='ltr' id='par_1_8' title="bbox 50 2578 1311 3595">
     <span class='ocr_line' id='line_1_27' title="bbox 56 2578 1311 2662; baseline -0.001 -15"><span class='ocrx_word' id='word_1_230' title='bbox 56 2586 112 2653; x_wconf 65' lang='lat' dir='ltr'><strong>sit</strong></span> <span class='ocrx_word' id='word_1_231' title='bbox 136 2586 217 2647; x_wconf 89' lang='lat' dir='ltr'><strong>sicut</strong></span> <span class='ocrx_word' id='word_1_232' title='bbox 243 2586 356 2645; x_wconf 87' lang='lat' dir='ltr'><strong>Chore.</strong></span> <span class='ocrx_word' id='word_1_233' title='bbox 397 2583 439 2640; x_wconf 89' lang='lat' dir='ltr'><strong>Et</strong></span> <span class='ocrx_word' id='word_1_234' title='bbox 464 2593 565 2639; x_wconf 89' lang='lat' dir='ltr'><strong>tamen</strong></span> <span class='ocrx_word' id='word_1_235' title='bbox 593 2578 637 2637; x_wconf 91' lang='lat' dir='ltr'><strong>illi</strong></span> <span class='ocrx_word' id='word_1_236' title='bbox 658 2578 788 2639; x_wconf 86' lang='lat' dir='ltr'><strong>schisma</strong></span> <span class='ocrx_word' id='word_1_237' title='bbox 820 2600 883 2640; x_wconf 93' lang='lat' dir='ltr'><strong>nou</strong></span> <span class='ocrx_word' id='word_1_238' title='bbox 913 2579 1067 2662; x_wconf 72' lang='lat' dir='ltr'><strong>fecerant,</strong></span> <span class='ocrx_word' id='word_1_239' title='bbox 1087 2605 1145 2645; x_wconf 89' lang='lat' dir='ltr'><strong>nec</strong></span> <span class='ocrx_word' id='word_1_240' title='bbox 1216 2605 1218 2613; x_wconf 91' lang='lat'>·</span> <span class='ocrx_word' id='word_1_241' title='bbox 1307 2586 1311 2595; x_wconf 77' lang='lat'>&#39;</span> 
     </span>
     <span class='ocr_line' id='line_1_28' title="bbox 56 2661 1147 2751; baseline -0.001 -20"><span class='ocrx_word' id='word_1_242' title='bbox 56 2673 161 2743; x_wconf 69' lang='lat' dir='ltr'><strong>foras</strong></span> <span class='ocrx_word' id='word_1_243' title='bbox 182 2670 296 2751; x_wconf 87' lang='lat' dir='ltr'><strong>egressi</strong></span> <span class='ocrx_word' id='word_1_244' title='bbox 321 2678 429 2724; x_wconf 88' lang='lat' dir='ltr'><strong>contra</strong></span> <span class='ocrx_word' id='word_1_245' title='bbox 450 2663 509 2722; x_wconf 89' lang='lat' dir='ltr'><strong>Dei</strong></span> <span class='ocrx_word' id='word_1_246' title='bbox 528 2661 700 2723; x_wconf 83' lang='lat' dir='ltr'><strong>sacerdotes</strong></span> <span class='ocrx_word' id='word_1_247' title='bbox 721 2664 931 2746; x_wconf 84' lang='lat' dir='ltr'><strong>imprudenter</strong></span> <span class='ocrx_word' id='word_1_248' title='bbox 956 2678 1051 2749; x_wconf 90' lang='lat' dir='ltr'><strong>atque</strong></span> <span class='ocrx_word' id='word_1_249' title='bbox 1069 2668 1147 2730; x_wconf 90' lang='lat' dir='ltr'><strong>hos-</strong></span> 
     </span>
     <span class='ocr_line' id='line_1_29' title="bbox 50 2745 1147 2834; baseline 0.001 -19"><span class='ocrx_word' id='word_1_250' title='bbox 50 2757 174 2821; x_wconf 72' lang='lat' dir='ltr'><strong>tiliter</strong></span> <span class='ocrx_word' id='word_1_251' title='bbox 195 2750 427 2825; x_wconf 86' lang='lat' dir='ltr'><strong>rebellaverant,</strong></span> <span class='ocrx_word' id='word_1_252' title='bbox 450 2746 538 2834; x_wconf 88' lang='lat' dir='ltr'><strong>quod</strong></span> <span class='ocrx_word' id='word_1_253' title='bbox 558 2767 639 2807; x_wconf 90' lang='lat' dir='ltr'><strong>nuuc</strong></span> <span class='ocrx_word' id='word_1_254' title='bbox 659 2745 692 2807; x_wconf 94' lang='lat' dir='ltr'><strong>hi</strong></span> <span class='ocrx_word' id='word_1_255' title='bbox 711 2748 878 2810; x_wconf 88' lang='lat' dir='ltr'><strong>Ecclesiam</strong></span> <span class='ocrx_word' id='word_1_256' title='bbox 893 2751 1084 2832; x_wconf 86' lang='lat' dir='ltr'><strong>scindentes,</strong></span> <span class='ocrx_word' id='word_1_257' title='bbox 1116 2767 1147 2816; x_wconf 85' lang='lat' dir='ltr'><strong>et</strong></span> 
     </span>
     <span class='ocr_line' id='line_1_30' title="bbox 53 2830 1146 2916; baseline 0.002 -19"><span class='ocrx_word' id='word_1_258' title='bbox 53 2850 189 2905; x_wconf 69' lang='lat' dir='ltr'><strong>muna</strong></span> <span class='ocrx_word' id='word_1_259' title='bbox 221 2853 330 2916; x_wconf 90' lang='lat' dir='ltr'><strong>pacem</strong></span> <span class='ocrx_word' id='word_1_260' title='bbox 363 2843 455 2913; x_wconf 84' lang='lat' dir='ltr'><strong>atque</strong></span> <span class='ocrx_word' id='word_1_261' title='bbox 488 2833 635 2893; x_wconf 85' lang='lat' dir='ltr'><strong>unitatem</strong></span> <span class='ocrx_word' id='word_1_262' title='bbox 655 2830 771 2895; x_wconf 88' lang='lat' dir='ltr'><strong>Christi</strong></span> <span class='ocrx_word' id='word_1_263' title='bbox 797 2833 948 2914; x_wconf 80' lang='lat' dir='ltr'><strong>rebelles,</strong></span> <span class='ocrx_word' id='word_1_264' title='bbox 971 2836 1146 2899; x_wconf 84' lang='lat' dir='ltr'><strong>cathedram</strong></span> 
     </span>
     <span class='ocr_line' id='line_1_31' title="bbox 50 2917 1148 3004; baseline 0.005 -26"><span class='ocrx_word' id='word_1_265' title='bbox 50 2925 143 2989; x_wconf 59' lang='lat' dir='ltr'><strong>nihi.</strong></span> <span class='ocrx_word' id='word_1_266' title='bbox 161 2919 357 2992; x_wconf 90' lang='lat' dir='ltr'><strong>constituere,</strong></span> <span class='ocrx_word' id='word_1_267' title='bbox 383 2928 414 2976; x_wconf 89' lang='lat' dir='ltr'><strong>et</strong></span> <span class='ocrx_word' id='word_1_268' title='bbox 437 2917 592 2999; x_wconf 89' lang='lat' dir='ltr'><strong>privatum</strong></span> <span class='ocrx_word' id='word_1_269' title='bbox 612 2935 786 2994; x_wconf 84' lang='lat' dir='ltr'><strong>assumere,</strong></span> <span class='ocrx_word' id='word_1_270' title='bbox 809 2930 841 2980; x_wconf 89' lang='lat' dir='ltr'><strong>et</strong></span> <span class='ocrx_word' id='word_1_271' title='bbox 860 2917 1037 3003; x_wconf 87' lang='lat' dir='ltr'><strong>baptizandi</strong></span> <span class='ocrx_word' id='word_1_272' title='bbox 1055 2934 1148 3004; x_wconf 88' lang='lat' dir='ltr'><strong>atque</strong></span> 
     </span>
     <span class='ocr_line' id='line_1_32' title="bbox 50 3000 1150 3087; baseline 0.003 -24"><span class='ocrx_word' id='word_1_273' title='bbox 50 3002 231 3073; x_wconf 63' lang='lat' dir='ltr'><strong>offerendi</strong></span> <span class='ocrx_word' id='word_1_274' title='bbox 244 3000 399 3061; x_wconf 87' lang='lat' dir='ltr'><strong>licentiam</strong></span> <span class='ocrx_word' id='word_1_275' title='bbox 408 3000 568 3063; x_wconf 83' lang='lat' dir='ltr'><strong>vendicare</strong></span> <span class='ocrx_word' id='word_1_276' title='bbox 582 3011 739 3063; x_wconf 89' lang='lat' dir='ltr'><strong>conantur.</strong></span> <span class='ocrx_word' id='word_1_277' title='bbox 783 3003 857 3079; x_wconf 88' lang='lat' dir='ltr'><strong>Quo</strong></span> <span class='ocrx_word' id='word_1_278' title='bbox 876 3003 970 3063; x_wconf 90' lang='lat' dir='ltr'><strong>modo</strong></span> <span class='ocrx_word' id='word_1_279' title='bbox 990 3003 1150 3087; x_wconf 87' lang='lat' dir='ltr'><strong>perficere,</strong></span> 
     </span>
     <span class='ocr_line' id='line_1_33' title="bbox 50 3084 1150 3177; baseline 0.004 -31"><span class='ocrx_word' id='word_1_280' title='bbox 50 3106 162 3177; x_wconf 77' lang='lat' dir='ltr'><strong>quae</strong></span> <span class='ocrx_word' id='word_1_281' title='bbox 182 3097 287 3167; x_wconf 86' lang='lat' dir='ltr'><strong>agunt,</strong></span> <span class='ocrx_word' id='word_1_282' title='bbox 308 3094 363 3144; x_wconf 91' lang='lat' dir='ltr'><strong>aut</strong></span> <span class='ocrx_word' id='word_1_283' title='bbox 379 3087 546 3167; x_wconf 83' lang='lat' dir='ltr'><strong>impetrare</strong></span> <span class='ocrx_word' id='word_1_284' title='bbox 567 3084 687 3167; x_wconf 89' lang='lat' dir='ltr'><strong>aliquid</strong></span> <span class='ocrx_word' id='word_1_285' title='bbox 708 3084 826 3146; x_wconf 82' lang='lat' dir='ltr'><strong>illicitis</strong></span> <span class='ocrx_word' id='word_1_286' title='bbox 844 3087 1005 3148; x_wconf 89' lang='lat' dir='ltr'><strong>conatibus</strong></span> <span class='ocrx_word' id='word_1_287' title='bbox 1027 3089 1066 3150; x_wconf 88' lang='lat' dir='ltr'><strong>de</strong></span> <span class='ocrx_word' id='word_1_288' title='bbox 1083 3091 1150 3150; x_wconf 90' lang='lat' dir='ltr'><strong>Deo</strong></span> 
     </span>
     <span class='ocr_line' id='line_1_34' title="bbox 50 3168 1150 3263; baseline 0.001 -31"><span class='ocrx_word' id='word_1_289' title='bbox 50 3181 223 3263; x_wconf 54' lang='lat' dir='ltr'><strong>possunt,</strong></span> <span class='ocrx_word' id='word_1_290' title='bbox 249 3171 304 3251; x_wconf 89' lang='lat' dir='ltr'><strong>qui</strong></span> <span class='ocrx_word' id='word_1_291' title='bbox 327 3182 433 3231; x_wconf 89' lang='lat' dir='ltr'><strong>eontra</strong></span> <span class='ocrx_word' id='word_1_292' title='bbox 455 3169 565 3245; x_wconf 89' lang='lat' dir='ltr'><strong>Deum,</strong></span> <span class='ocrx_word' id='word_1_293' title='bbox 588 3168 675 3250; x_wconf 88' lang='lat' dir='ltr'><strong>quod</strong></span> <span class='ocrx_word' id='word_1_294' title='bbox 697 3170 739 3230; x_wconf 85' lang='lat' dir='ltr'><strong>eis</strong></span> <span class='ocrx_word' id='word_1_295' title='bbox 767 3189 832 3230; x_wconf 89' lang='lat' dir='ltr'><strong>uon</strong></span> <span class='ocrx_word' id='word_1_296' title='bbox 854 3170 938 3244; x_wconf 89' lang='lat' dir='ltr'><strong>licet,</strong></span> <span class='ocrx_word' id='word_1_297' title='bbox 959 3172 1150 3234; x_wconf 68' lang='lat' dir='ltr'><strong>moliuntur?</strong></span> 
     </span>
     <span class='ocr_line' id='line_1_35' title="bbox 50 3251 1151 3338; baseline 0.005 -26"><span class='ocrx_word' id='word_1_298' title='bbox 50 3273 140 3325; x_wconf 60' lang='lat' dir='ltr'><strong>Qec.</strong></span> <span class='ocrx_word' id='word_1_299' title='bbox 185 3252 289 3335; x_wconf 80' lang='lat' dir='ltr'><strong>Atque</strong></span> <span class='ocrx_word' id='word_1_300' title='bbox 308 3265 344 3314; x_wconf 83' lang='lat' dir='ltr'><strong>ut</strong></span> <span class='ocrx_word' id='word_1_301' title='bbox 363 3255 457 3336; x_wconf 83' lang='lat' dir='ltr'><strong>magis</strong></span> <span class='ocrx_word' id='word_1_302' title='bbox 478 3252 606 3336; x_wconf 85' lang='lat' dir='ltr'><strong>intelligi</strong></span> <span class='ocrx_word' id='word_1_303' title='bbox 627 3264 732 3336; x_wconf 89' lang='lat' dir='ltr'><strong>posset</strong></span> <span class='ocrx_word' id='word_1_304' title='bbox 759 3251 867 3337; x_wconf 78' lang='lat' dir='ltr'><strong>contra</strong></span> <span class='ocrx_word' id='word_1_305' title='bbox 895 3253 1074 3338; x_wconf 91' lang='lat' dir='ltr'><strong>hujusmodi</strong></span> <span class='ocrx_word' id='word_1_306' title='bbox 1095 3278 1151 3318; x_wconf 90' lang='lat' dir='ltr'><strong>an-</strong></span> 
     </span>
     <span class='ocr_line' id='line_1_36' title="bbox 55 3337 1153 3418; baseline 0.003 -18"><span class='ocrx_word' id='word_1_307' title='bbox 55 3342 212 3413; x_wconf 77' lang='lat' dir='ltr'><strong>daciam,</strong></span> <span class='ocrx_word' id='word_1_308' title='bbox 234 3358 313 3418; x_wconf 86' lang='lat' dir='ltr'><strong>quae</strong></span> <span class='ocrx_word' id='word_1_309' title='bbox 338 3341 377 3399; x_wconf 87' lang='lat' dir='ltr'><strong>sit</strong></span> <span class='ocrx_word' id='word_1_310' title='bbox 404 3357 533 3398; x_wconf 88' lang='lat' dir='ltr'><strong>censura</strong></span> <span class='ocrx_word' id='word_1_311' title='bbox 554 3337 671 3412; x_wconf 86' lang='lat' dir='ltr'><strong>diviua,</strong></span> <span class='ocrx_word' id='word_1_312' title='bbox 692 3339 862 3399; x_wconf 81' lang='lat' dir='ltr'><strong>invenimus</strong></span> <span class='ocrx_word' id='word_1_313' title='bbox 890 3341 921 3400; x_wconf 91' lang='lat' dir='ltr'><strong>iu</strong></span> <span class='ocrx_word' id='word_1_314' title='bbox 942 3339 997 3401; x_wconf 88' lang='lat' dir='ltr'><strong>tali</strong></span> <span class='ocrx_word' id='word_1_315' title='bbox 1017 3341 1153 3403; x_wconf 86' lang='lat' dir='ltr'><strong>facinore</strong></span> 
     </span>
     <span class='ocr_line' id='line_1_37' title="bbox 55 3421 1158 3507; baseline 0.001 -23"><span class='ocrx_word' id='word_1_316' title='bbox 55 3434 146 3491; x_wconf 56' lang='lat' dir='ltr'><strong>uon</strong></span> <span class='ocrx_word' id='word_1_317' title='bbox 168 3422 268 3481; x_wconf 90' lang='lat' dir='ltr'><strong>solum</strong></span> <span class='ocrx_word' id='word_1_318' title='bbox 285 3421 378 3483; x_wconf 86' lang='lat' dir='ltr'><strong>duces</strong></span> <span class='ocrx_word' id='word_1_319' title='bbox 399 3434 429 3483; x_wconf 90' lang='lat' dir='ltr'><strong>et</strong></span> <span class='ocrx_word' id='word_1_320' title='bbox 451 3436 604 3500; x_wconf 90' lang='lat' dir='ltr'><strong>auctores,</strong></span> <span class='ocrx_word' id='word_1_321' title='bbox 625 3421 680 3483; x_wconf 86' lang='lat' dir='ltr'><strong>sed</strong></span> <span class='ocrx_word' id='word_1_322' title='bbox 699 3435 731 3484; x_wconf 89' lang='lat' dir='ltr'><strong>et</strong></span> <span class='ocrx_word' id='word_1_323' title='bbox 748 3425 911 3507; x_wconf 85' lang='lat' dir='ltr'><strong>participes</strong></span> <span class='ocrx_word' id='word_1_324' title='bbox 932 3427 1039 3506; x_wconf 88' lang='lat' dir='ltr'><strong>poenis</strong></span> <span class='ocrx_word' id='word_1_325' title='bbox 1061 3426 1158 3487; x_wconf 76' lang='lat' dir='ltr'><strong>desti-</strong></span> 
     </span>
     <span class='ocr_line' id='line_1_38' title="bbox 52 3502 1158 3595; baseline 0.002 -26"><span class='ocrx_word' id='word_1_326' title='bbox 52 3509 164 3585; x_wconf 69' lang='lat' dir='ltr'><strong>-mari,</strong></span> <span class='ocrx_word' id='word_1_327' title='bbox 186 3507 245 3566; x_wconf 89' lang='lat' dir='ltr'><strong>nisi</strong></span> <span class='ocrx_word' id='word_1_328' title='bbox 266 3527 298 3566; x_wconf 93' lang='lat' dir='ltr'><strong>se</strong></span> <span class='ocrx_word' id='word_1_329' title='bbox 320 3528 337 3568; x_wconf 87' lang='lat' dir='ltr'><strong>a</strong></span> <span class='ocrx_word' id='word_1_330' title='bbox 357 3502 570 3567; x_wconf 87' lang='lat' dir='ltr'><strong>communione</strong></span> <span class='ocrx_word' id='word_1_331' title='bbox 591 3505 742 3568; x_wconf 84' lang='lat' dir='ltr'><strong>malorum</strong></span> <span class='ocrx_word' id='word_1_332' title='bbox 757 3511 983 3591; x_wconf 78' lang='lat' dir='ltr'><strong>separaverint,</strong></span> <span class='ocrx_word' id='word_1_333' title='bbox 1003 3513 1158 3595; x_wconf 87' lang='lat' dir='ltr'><strong>praecipi-</strong></span> 
     </span>
    </p>

    <p class='ocr_par' dir='ltr' id='par_1_9' title="bbox 68 3589 1332 3844">
     <span class='ocr_line' id='line_1_39' title="bbox 69 3589 1332 3682; baseline 0.002 -28"><span class='ocrx_word' id='word_1_334' title='bbox 69 3606 155 3661; x_wconf 70' lang='lat' dir='ltr'><strong>ente</strong></span> <span class='ocrx_word' id='word_1_335' title='bbox 179 3612 235 3674; x_wconf 91' lang='lat' dir='ltr'><strong>per</strong></span> <span class='ocrx_word' id='word_1_336' title='bbox 256 3593 384 3667; x_wconf 87' lang='lat' dir='ltr'><strong>Moysen</strong></span> <span class='ocrx_word' id='word_1_337' title='bbox 404 3592 539 3652; x_wconf 89' lang='lat' dir='ltr'><strong>Domino</strong></span> <span class='ocrx_word' id='word_1_338' title='bbox 561 3603 593 3651; x_wconf 92' lang='lat' dir='ltr'><strong>et</strong></span> <span class='ocrx_word' id='word_1_339' title='bbox 621 3589 761 3652; x_wconf 73' lang='lat' dir='ltr'><strong>dieentes</strong></span> <span class='ocrx_word' id='word_1_340' title='bbox 802 3593 993 3674; x_wconf 73' lang='lat' dir='ltr'><strong>separamini·</strong></span> <span class='ocrx_word' id='word_1_341' title='bbox 1018 3593 1237 3682; x_wconf 58' lang='lat' dir='ltr'><strong>stabas-Nm</strong></span> <span class='ocrx_word' id='word_1_342' title='bbox 1252 3640 1285 3677; x_wconf 75' lang='lat'><strong>„‚</strong></span> <span class='ocrx_word' id='word_1_343' title='bbox 1300 3634 1332 3674; x_wconf 81' lang='lat'><strong>„‚</strong></span> 
     </span>
     <span class='ocr_line' id='line_1_40' title="bbox 68 3668 1179 3762; baseline -0.001 -22"><span class='ocrx_word' id='word_1_344' title='bbox 68 3668 205 3747; x_wconf 76' lang='lat' dir='ltr'><strong>usculis</strong></span> <span class='ocrx_word' id='word_1_345' title='bbox 225 3674 383 3735; x_wconf 88' lang='lat' dir='ltr'><strong>hominum</strong></span> <span class='ocrx_word' id='word_1_346' title='bbox 406 3676 535 3735; x_wconf 88' lang='lat' dir='ltr'><strong>istorum</strong></span> <span class='ocrx_word' id='word_1_347' title='bbox 557 3674 794 3752; x_wconf 87' lang='lat' dir='ltr'><strong>durissimorum,</strong></span> <span class='ocrx_word' id='word_1_348' title='bbox 816 3688 845 3736; x_wconf 90' lang='lat' dir='ltr'><strong>et</strong></span> <span class='ocrx_word' id='word_1_349' title='bbox 865 3677 1101 3762; x_wconf 73' lang='lat' dir='ltr'><strong>nolitetangere</strong></span> <span class='ocrx_word' id='word_1_350' title='bbox 1121 3678 1179 3753; x_wconf 16' lang='lat' dir='ltr'><strong>ab,</strong></span> 
     </span>
     <span class='ocr_line' id='line_1_41' title="bbox 76 3754 1163 3844; baseline 0.003 -24"><span class='ocrx_word' id='word_1_351' title='bbox 76 3758 243 3835; x_wconf 79' lang='lat' dir='ltr'><strong>omnibus,</strong></span> <span class='ocrx_word' id='word_1_352' title='bbox 256 3782 336 3842; x_wconf 89' lang='lat' dir='ltr'><strong>quae</strong></span> <span class='ocrx_word' id='word_1_353' title='bbox 357 3771 427 3819; x_wconf 88' lang='lat' dir='ltr'><strong>snut</strong></span> <span class='ocrx_word' id='word_1_354' title='bbox 448 3761 502 3835; x_wconf 88' lang='lat' dir='ltr'><strong>eis,</strong></span> <span class='ocrx_word' id='word_1_355' title='bbox 523 3781 562 3819; x_wconf 91' lang='lat' dir='ltr'><strong>ne</strong></span> <span class='ocrx_word' id='word_1_356' title='bbox 583 3759 672 3819; x_wconf 88' lang='lat' dir='ltr'><strong>simul</strong></span> <span class='ocrx_word' id='word_1_357' title='bbox 692 3762 823 3844; x_wconf 86' lang='lat' dir='ltr'><strong>pereatis</strong></span> <span class='ocrx_word' id='word_1_358' title='bbox 845 3762 877 3819; x_wconf 91' lang='lat' dir='ltr'><strong>in</strong></span> <span class='ocrx_word' id='word_1_359' title='bbox 921 3774 1032 3824; x_wconf 87' lang='lat' dir='ltr'><strong>cecato·</strong></span> <span class='ocrx_word' id='word_1_360' title='bbox 1045 3754 1163 3841; x_wconf 83' lang='lat' dir='ltr'><strong>eorum,</strong></span> 
     </span>
    </p>

    <p class='ocr_par' dir='ltr' id='par_1_10' title="bbox 60 3782 1167 3929">
     <span class='ocr_line' id='line_1_42' title="bbox 60 3782 1167 3929; baseline 0.002 -25"><span class='ocrx_word' id='word_1_361' title='bbox 60 3860 119 3910; x_wconf 74' lang='lat' dir='ltr'><strong>-et</strong></span> <span class='ocrx_word' id='word_1_362' title='bbox 139 3844 229 3925; x_wconf 91' lang='lat' dir='ltr'><strong>quod</strong></span> <span class='ocrx_word' id='word_1_363' title='bbox 249 3848 450 3905; x_wconf 85' lang='lat' dir='ltr'><strong>comminatus</strong></span> <span class='ocrx_word' id='word_1_364' title='bbox 471 3865 528 3927; x_wconf 88' lang='lat' dir='ltr'><strong>per</strong></span> <span class='ocrx_word' id='word_1_365' title='bbox 548 3845 678 3920; x_wconf 88' lang='lat' dir='ltr'><strong>Moysen</strong></span> <span class='ocrx_word' id='word_1_366' title='bbox 701 3846 851 3905; x_wconf 88' lang='lat' dir='ltr'><strong>Dominus</strong></span> <span class='ocrx_word' id='word_1_367' title='bbox 888 3782 1167 3929; x_wconf 60' lang='lat' dir='ltr'><strong>litarat-implevit,</strong></span> 
     </span>
    </p>

    <p class='ocr_par' dir='ltr' id='par_1_11' title="bbox 68 3925 1169 4013">
     <span class='ocr_line' id='line_1_43' title="bbox 68 3925 1169 4013; baseline 0.006 -32"><span class='ocrx_word' id='word_1_368' title='bbox 68 3944 137 4005; x_wconf 59' lang='lat'><strong>¹2,</strong></span> <span class='ocrx_word' id='word_1_369' title='bbox 151 3930 291 4010; x_wconf 85' lang='lat' dir='ltr'><strong>quisquis</strong></span> <span class='ocrx_word' id='word_1_370' title='bbox 312 3951 344 3990; x_wconf 88' lang='lat' dir='ltr'><strong>se</strong></span> <span class='ocrx_word' id='word_1_371' title='bbox 364 3951 382 3989; x_wconf 85' lang='lat' dir='ltr'><strong>a</strong></span> <span class='ocrx_word' id='word_1_372' title='bbox 400 3927 503 3988; x_wconf 89' lang='lat' dir='ltr'><strong>Chore</strong></span> <span class='ocrx_word' id='word_1_373' title='bbox 522 3940 552 3988; x_wconf 91' lang='lat' dir='ltr'><strong>et</strong></span> <span class='ocrx_word' id='word_1_374' title='bbox 569 3925 880 3990; x_wconf 58' lang='lat' dir='ltr'><strong>Dathauetdhirou</strong></span> <span class='ocrx_word' id='word_1_375' title='bbox 904 3951 968 3990; x_wconf 91' lang='lat' dir='ltr'><strong>non</strong></span> <span class='ocrx_word' id='word_1_376' title='bbox 988 3943 1169 4013; x_wconf 80' lang='lat' dir='ltr'><strong>separasset,</strong></span> 
     </span>
    </p>

    <p class='ocr_par' dir='ltr' id='par_1_12' title="bbox 65 4011 1171 4103">
     <span class='ocr_line' id='line_1_44' title="bbox 65 4011 1171 4103; baseline 0.003 -29"><span class='ocrx_word' id='word_1_377' title='bbox 65 4033 209 4103; x_wconf 71' lang='lat' dir='ltr'><strong>-poenas</strong></span> <span class='ocrx_word' id='word_1_378' title='bbox 231 4017 332 4073; x_wconf 81' lang='lat' dir='ltr'><strong>statim</strong></span> <span class='ocrx_word' id='word_1_379' title='bbox 352 4035 412 4096; x_wconf 89' lang='lat' dir='ltr'><strong>pro</strong></span> <span class='ocrx_word' id='word_1_380' title='bbox 435 4012 758 4098; x_wconf 76' lang='lat' dir='ltr'><strong>impi&#39;acommunione</strong></span> <span class='ocrx_word' id='word_1_381' title='bbox 777 4011 990 4095; x_wconf 70' lang='lat' dir='ltr'><strong>persolveret·</strong></span> <span class='ocrx_word' id='word_1_382' title='bbox 1019 4016 1091 4091; x_wconf 88' lang='lat' dir='ltr'><strong>Quo</strong></span> <span class='ocrx_word' id='word_1_383' title='bbox 1105 4036 1171 4076; x_wconf 56' lang='lat' dir='ltr'><strong>aett-¹</strong></span> 
     </span>
    </p>

    <p class='ocr_par' dir='ltr' id='par_1_13' title="bbox 81 4095 1170 4186">
     <span class='ocr_line' id='line_1_45' title="bbox 81 4095 1170 4186; baseline 0.007 -31"><span class='ocrx_word' id='word_1_384' title='bbox 81 4095 199 4181; x_wconf 71' lang='lat' dir='ltr'><strong>emplo</strong></span> <span class='ocrx_word' id='word_1_385' title='bbox 223 4099 396 4159; x_wconf 87' lang='lat' dir='ltr'><strong>ostenditur</strong></span> <span class='ocrx_word' id='word_1_386' title='bbox 419 4112 450 4160; x_wconf 87' lang='lat' dir='ltr'><strong>et</strong></span> <span class='ocrx_word' id='word_1_387' title='bbox 468 4098 633 4183; x_wconf 84' lang='lat' dir='ltr'><strong>probatur,</strong></span> <span class='ocrx_word' id='word_1_388' title='bbox 647 4097 936 4177; x_wconf 56' lang='lat' dir='ltr'><strong>,obnoxios-omncs</strong></span> <span class='ocrx_word' id='word_1_389' title='bbox 952 4110 988 4160; x_wconf 74' lang='lat' dir='ltr'><strong>et</strong></span> <span class='ocrx_word' id='word_1_390' title='bbox 1007 4100 1118 4186; x_wconf 90' lang='lat' dir='ltr'><strong>culpae</strong></span> <span class='ocrx_word' id='word_1_391' title='bbox 1135 4110 1170 4162; x_wconf 79' lang='lat' dir='ltr'><strong>‘ct</strong></span> 
     </span>
    </p>

    <p class='ocr_par' dir='ltr' id='par_1_14' title="bbox 82 4172 1318 4275">
     <span class='ocr_line' id='line_1_46' title="bbox 82 4172 1318 4275; baseline 0.004 -31"><span class='ocrx_word' id='word_1_392' title='bbox 82 4203 213 4274; x_wconf 82' lang='lat' dir='ltr'><strong>poenae</strong></span> <span class='ocrx_word' id='word_1_393' title='bbox 236 4172 368 4260; x_wconf 74' lang='lat' dir='ltr'><strong>laturos,</strong></span> <span class='ocrx_word' id='word_1_394' title='bbox 391 4185 445 4266; x_wconf 88' lang='lat' dir='ltr'><strong>qui</strong></span> <span class='ocrx_word' id='word_1_395' title='bbox 466 4205 500 4245; x_wconf 89' lang='lat' dir='ltr'><strong>se</strong></span> <span class='ocrx_word' id='word_1_396' title='bbox 516 4183 717 4246; x_wconf 85' lang='lat' dir='ltr'><strong>schismaticis</strong></span> <span class='ocrx_word' id='word_1_397' title='bbox 731 4194 839 4247; x_wconf 87' lang='lat' dir='ltr'><strong>contra</strong></span> <span class='ocrx_word' id='word_1_398' title='bbox 860 4185 1048 4275; x_wconf 81' lang='lat' dir='ltr'><strong>praepositos</strong></span> <span class='ocrx_word' id='word_1_399' title='bbox 1068 4199 1100 4250; x_wconf 88' lang='lat' dir='ltr'><strong>ct</strong></span> <span class='ocrx_word' id='word_1_400' title='bbox 1120 4207 1170 4248; x_wconf 85' lang='lat' dir='ltr'><strong>sa-</strong></span> <span class='ocrx_word' id='word_1_401' title='bbox 1182 4187 1318 4236; x_wconf 61' lang='lat' dir='ltr'><strong>mh*</strong></span> 
     </span>
    </p>
   </div>
   <div class='ocr_carea' id='block_1_4' title="bbox 145 4307 965 4373">
    <p class='ocr_par' dir='ltr' id='par_1_15' title="bbox 145 4307 965 4373">
     <span class='ocr_line' id='line_1_47' title="bbox 145 4307 965 4373; baseline -0.002 -24"><span class='ocrx_word' id='word_1_402' title='bbox 145 4307 294 4352; x_wconf 59' lang='lat' dir='ltr'><strong>canterma.</strong></span> <span class='ocrx_word' id='word_1_403' title='bbox 309 4310 343 4353; x_wconf 86' lang='lat' dir='ltr'><strong>rr.</strong></span> <span class='ocrx_word' id='word_1_404' title='bbox 921 4310 965 4373; x_wconf 71' lang='lat'><strong>23</strong></span> 
     </span>
    </p>
   </div>
   <div class='ocr_carea' id='block_1_5' title="bbox 0 0 1402 4792">
    <p class='ocr_par' dir='ltr' id='par_1_16' title="bbox 0 0 1402 4792">
     <span class='ocr_line' id='line_1_48' title="bbox 0 0 1402 4792; baseline 0 0"><span class='ocrx_word' id='word_1_405' title='bbox 0 0 1402 4792; x_wconf 95' lang='lat' dir='ltr'><strong> </strong></span> 
     </span>
    </p>
   </div>
  </div>
 </body>
</html>
