2782 4786
173 338 178 353 ¹
249 265 329 397 aaa
490 315 1083 401 uusacaauuuro

72 526 202 590 asma,
320 515 367 571 ‹-
408 498 667 565 accusaruns
685 488 729 566 ae
746 514 849 565 saneta
868 501 1069 586 virginitate,
1091 519 1177 584 cap.
1197 513 1244 570 a:
1276 496 1336 566 a·

70 579 367 674 fflgjffigquibus
390 599 491 647 autem
510 587 703 670 spadonibus
729 585 868 671 loquitur
894 589 978 648 Deus
1004 605 1072 670 per
1110 585 1231 646 Esaian
1244 607 1309 668 pro-

254 671 386 754 phetam,
409 672 521 752 quibus
547 693 579 732 se
599 672 676 734 dicit
696 672 840 734 daturum
861 672 893 731 in
921 671 1014 731 domo
1041 689 1105 737 sua
1137 681 1174 730 et
1196 671 1302 734 inaura

252 775 310 815 suo
330 754 431 816 locum
449 758 649 834 nominatum,
669 757 828 820 meliorem
839 755 931 815 multo
943 775 1038 837 quam
1062 752 1214 815 filiorum
1229 753 1297 815 atili-

252 860 360 899 arum:
393 842 452 899 nisi
474 840 513 905 de
533 842 590 917 iis,
612 843 666 923 qui
697 862 730 903 se
754 841 838 924 ipsos
865 849 994 901 castrant
1028 851 1181 922 propter
1212 860 1297 923 regnan

252 923 433 984 caelorum?
473 925 551 985 Nam
570 925 641 1003 illis,
669 924 784 1008 quibam
807 926 909 1008 ipsum
931 922 1018 983 uirile
1042 923 1227 983 membrum
1243 924 1302 984 debi-
1335 988 1338 997 ,

249 1006 373 1084 litatur,
395 1019 431 1068 ut
452 1030 594 1093 generare
613 1031 675 1071 nou
699 1010 834 1092 possint,
872 1009 960 1079 sicut,
973 1018 1054 1067 suut
1082 1007 1232 1069 Eunuchi
1251 1009 1303 1069 diri

248 1102 315 1152 tum
340 1104 370 1153 et
389 1114 507 1177 regum,
530 1093 642 1154 sufficit
660 1096 770 1176 utique
800 1115 869 1155 cum
890 1091 1064 1152 Christiani
1085 1089 1193 1174 fiunt,
1214 1104 1243 1154 et
1265 1094 1302 1153 Bai

249 1190 413 1259 praecepta
433 1170 622 1253 custodiunt,
644 1200 681 1241 eo
705 1191 804 1240 tamen
818 1178 984 1263 proposito
995 1189 1094 1254 suut,
1119 1189 1160 1238 ut
1176 1179 1304 1263 conjuges

251 1262 278 1320 si
300 1264 428 1343 possint,
445 1262 604 1339 haberent,
623 1265 749 1325 caeteris
765 1264 797 1323 in
823 1264 928 1322 Domo
948 1260 1026 1321 DEI
1050 1264 1225 1346 conjugatis
1250 1260 1306 1323 fide·

71 1334 332 1432 ffifflffi2.libus
355 1345 536 1428 adaequari,
561 1349 616 1443 gui
644 1347 760 1430 prolem
782 1347 864 1407 licite
886 1345 1069 1429 pudiceque
1099 1359 1267 1430 susceptam
1287 1349 1305 1406 ia

252 1430 312 1489 Dei
333 1431 442 1491 timore
476 1433 636 1508 nutriunt,
658 1432 801 1495 docentes
830 1429 913 1491 filios
945 1450 1023 1490 snos
1035 1474 1048 1508 ,
1079 1443 1117 1492 ut
1151 1444 1261 1515 ponant
1286 1433 1306 1491 in

146 1568 149 1579 ,
252 1515 321 1575 Deo
342 1535 427 1600 spem
443 1537 538 1594 suam,
555 1537 620 1583 non
640 1528 740 1578 autem
766 1516 904 1598 accipere
920 1513 1085 1577 meliorem
1105 1514 1217 1592 locum,
1236 1537 1306 1599 quan

249 1610 295 1657 est
311 1597 448 1669 filiorum
468 1613 559 1683 atque
581 1597 725 1661 filiarum.
757 1599 873 1682 ¹Neque
901 1601 982 1660 enirn
1001 1621 1121 1662 uxores
1147 1604 1237 1663 animi
1259 1604 1303 1662 via

248 1678 324 1760 tute,
347 1686 401 1745 sed
423 1687 522 1747 carnis
542 1687 720 1748 necessitate
740 1706 803 1745 uon
834 1684 963 1745 ducunt

305 1829 308 1835 ,
331 1769 386 1831 ΕΤ
404 1792 471 1854 cap.
489 1784 545 1839 25:
588 1770 665 1830 Cum
684 1771 809 1834 dixisset
829 1767 868 1828 de
881 1767 1099 1850 spadonibus:
1123 1769 1217 1831 Dabo
1238 1771 1303 1831 eisin

247 1849 341 1915 domn
364 1877 428 1916 mea
458 1868 489 1917 et
526 1857 557 1915 in
578 1876 670 1916 muro
705 1876 773 1915 meo
802 1851 906 1912 locum
936 1855 1142 1932 nominatum,
1167 1855 1303 1916 melioreu

245 1937 344 1996 multo
366 1960 456 2018 quarn
478 1937 611 1999 filiorum
637 1952 730 2020 atque
750 1936 904 1998 filiarum:
938 1958 980 1997 ne
999 1941 1069 2019 quis
1097 1942 1224 1999 nimium
1252 1961 1307 1999 car·

245 2017 322 2076 nalis
344 2023 533 2096 existimaret,
554 2024 586 2080 in
608 2021 659 2081 his
676 2021 779 2082 verbis
799 2021 920 2102 aliquid
940 2023 1107 2104 temporale
1118 2021 1307 2104 sperandum,

70 2102 244 2164 rroprtaqnay·
256 2106 402 2163 continuo
419 2103 564 2163 subiecit:
584 2105 702 2166 Nomen
715 2116 872 2165 aeternum
883 2104 968 2166 dabo
982 2108 1027 2178 eis,
1042 2124 1234 2182 necunquam
1245 2106 1304 2164 dc·

73 2152 243 2254 llhdllllhl
255 2188 321 2248 erit.
344 2189 508 2248 Aeternum
520 2188 580 2249 hoc
593 2194 715 2266 nomeu,
727 2190 877 2270 quicquid
891 2189 968 2249 illud
976 2199 1025 2260 est,
1035 2185 1220 2268 spadonibus
1230 2188 1298 2262 Dei,

72 2251 231 2358 illibi?
253 2271 337 2355 quod
361 2275 468 2354 utique
488 2272 614 2356 gloriam
635 2273 786 2357 quandam
799 2275 962 2356 propriam
979 2269 1224 2351 excellentemque
1240 2273 1299 2355 sig-

70 2350 165 2402 ⁸⁶¹¹⁰¹⁸·
248 2356 363 2435 nificat,
384 2379 448 2418 nou
467 2360 526 2419 erit
540 2380 701 2421 commuue
718 2379 788 2417 cum
798 2357 912 2434 multis,
928 2356 1101 2440 quamuisiu
1114 2354 1226 2415 eodem
1236 2378 1305 2439 reg·
1344 2404 1350 2451 4.

234 2463 289 2504 no
314 2444 505 2505 etineadem
522 2444 617 2505 domo
637 2443 819 2504 constitutis.
860 2441 940 2502 Nam
960 2441 1029 2501 ideo
1049 2439 1185 2500 fortassis
1205 2451 1237 2499 et
1252 2461 1307 2501 no-
1348 2508 1350 2513 ¹

243 2546 313 2588 men
332 2526 446 2588 dictum
467 2539 523 2603 est,
543 2528 700 2612 quodeos,
713 2526 827 2610 quibus
839 2525 943 2602 datur,
966 2524 1153 2608 distinguite
1174 2527 1308 2586 caeteris
1348 2598 1350 2603 Α

327 2624 358 2679 8.
399 2611 709 2674 TERTULLIANUS
731 2610 786 2671 lib.
816 2611 841 2670 1.
871 2609 911 2671 ad
933 2631 1088 2671 uxorema
1126 2608 1308 2670 voluntariis

171 2765 173 2770 .
244 2695 434 2778 spadonibus
463 2717 522 2779 pro
545 2697 713 2781 cupiditate
736 2694 871 2770 caelesti,
903 2693 992 2755 salvo
1021 2696 1242 2773 matrimonio,
1266 2694 1308 2754 ab·

247 2782 388 2842 stinentia
408 2781 578 2840 toleratur:
601 2791 715 2860 quanto
735 2781 829 2861 magis
847 2777 1016 2862 adempto?
1053 2791 1113 2840 etc.

68 2871 205 2914 Maium·
334 2877 362 2932 1.
405 2864 438 2923 C.
480 2863 751 2924 HIERONYMUS
784 2863 930 2922 adversus
965 2865 1173 2924 Joviuianum
1199 2860 1252 2922 lib.
1272 2861 1301 2921 l:

66 2923 237 3061 gildaldi?
248 2949 334 3010 Dicit
370 2949 563 3024 Jovinianus)
584 2950 726 3032 virgines,
750 2947 868 3023 viduas,
890 2958 921 3006 et
941 2949 1117 3026 maritatas,
1142 2968 1221 3029 quac
1238 2944 1300 3005 senei

90 3033 98 3059 l
122 3032 136 3061 0
163 3032 176 3059 0

99 3034 120 3060 ¹¹¹
137 3033 184 3060 ‘²¹'
248 3040 281 3096 in
304 3033 424 3094 Christo
444 3032 525 3093 lotae
549 3043 635 3109 sunt,
656 3033 681 3092 si
703 3052 767 3103 non
790 3030 967 3114 discrepent
1002 3035 1140 3093 caeteris
1170 3031 1297 3113 operibus,

246 3119 384 3199 ejusdem
405 3138 467 3177 esse
489 3119 598 3178 meriti.
641 3118 743 3194 Quam
766 3117 834 3197 ejus
855 3114 1005 3176 haeresim
1023 3117 1143 3179 eodem
1164 3115 1244 3177 libro
1262 3135 1295 3174 aa·

244 3205 412 3287 piosissime
439 3201 586 3261 confutat.

227 3360 230 3370 ,
327 3301 357 3353 2.
399 3284 654 3361 AUGUSTINUS
668 3283 706 3345 de
721 3282 896 3344 haeresibus
910 3281 950 3342 ad
964 3283 1239 3362 Quodvultdeum,
1248 3281 1297 3344 hat·

244 3371 304 3432 resi
326 3384 386 3438 82:
429 3369 458 3429 A
480 3369 665 3446 (luciniano)
692 3368 828 3449 quodam
853 3366 1005 3429 monacho
1032 3371 1093 3430 ista
1114 3369 1246 3431 haeresis
1262 3368 1298 3427 lo·

243 3458 472 3516 vinianistarnm
496 3467 565 3514 orta
585 3465 631 3514 est
646 3464 744 3513 aetate
763 3464 878 3525 nostra,
899 3471 969 3511 cum
992 3452 1102 3514 adhuc
1124 3455 1250 3535 juvenes
1268 3471 1302 3510 es·

65 3543 175 3606 ¹l29¹⁸t¹⁸
194 3543 353 3601 ³⁰·semus.
394 3540 452 3598 Hic
470 3541 570 3598 omnia
595 3550 734 3620 peccata,
766 3538 845 3597 sicut
866 3536 964 3597 Stoici
987 3535 1210 3623 Philosophi,
1238 3536 1303 3620 pau'a

65 3608 104 3637 ’ω
106 3608 161 3635 ¹¹¹¹¹
245 3647 309 3687 esse
332 3623 462 3696 dicebat,
486 3643 542 3682 nec
563 3643 653 3705 posse
681 3642 808 3702 peccare
832 3619 986 3679 hominem
1010 3619 1147 3685 lavacro
1168 3641 1305 3708 regenera-

244 3712 337 3772 tionis
353 3706 488 3789 accepto,
515 3727 572 3766 nec
592 3704 710 3785 aliquid
726 3706 869 3787 prodesse
894 3704 1016 3778 ieiunia,
1039 3706 1090 3766 vel
1121 3729 1143 3769 a
1169 3710 1240 3768 cibis
1256 3704 1303 3764 ali·

244 3794 356 3878 quibus
380 3790 598 3852 abstinentiam.
640 3790 851 3872 Virginitatem
867 3791 982 3850 Mariae
999 3788 1206 3871 destruebat,
1223 3791 1301 3852 dicens

244 3902 308 3942 eam
326 3876 475 3961 pariendo
500 3874 592 3936 fnisse
617 3885 805 3956 corruptam.
847 3875 1064 3956 Virginitatem
1091 3879 1195 3938 etiam
1215 3873 1305 3937 uncti·

249 3962 426 4025 monialium
441 3972 471 4022 et
496 3959 712 4020 continentiam
734 3978 820 4018 sexus
838 3958 931 4018 virilis
951 3958 983 4016 iu
998 3959 1120 4020 sanctis
1145 3958 1308 4048 eligentibus
1345 4010 1350 4021 .

71 4061 242 4122 continentiam
253 4049 397 4108 caelibem
417 4047 518 4122 vitam,
536 4043 751 4124 conjugiorum
766 4054 917 4103 castorum
947 4052 1041 4124 atque
1066 4041 1216 4108 fidelium
1235 4044 1310 4105 rucri-

73 4117 243 4206 ζξζξᾙῗξξῑὶ.
255 4132 294 4188 tis
317 4130 530 4210 adaequabat:
557 4131 600 4188 ita
625 4137 662 4209 ut
690 4127 836 4207 quaedam
859 4127 990 4207 virgines
1018 4125 1134 4190 sacrae
1166 4141 1310 4215 provectae

24 4236 27 4241 ·
74 4205 244 4263 ¹⁸'³⁶⁰¹¹i¹¹⁸³¹³
258 4215 322 4297 jem
341 4215 445 4277 aetatis
470 4217 504 4276 in
528 4212 607 4277 urbe
633 4212 751 4291 Roma,
788 4210 844 4276 ubi
870 4210 947 4279 haec
969 4209 1130 4294 docebat,
1163 4237 1203 4278 en
1220 4213 1308 4278 audita

73 820 157 862 trata.
170 826 240 868 ¹9212·
