2790 4792
248 353 311 459 eg
487 342 1067 434 onsecranauro

247 544 335 616 cepta
346 548 456 615 magua
475 531 670 615 indulgentia,
690 533 772 593 unde
790 535 897 616 incipit
921 533 1051 595 hominis
1070 534 1249 619 renovatio,
1278 541 1309 599 in

248 639 308 700 qua
328 617 456 677 solvitur
475 619 572 676 omnis
594 629 694 678 reatus
713 631 742 678 et
755 620 944 700 ingeneratus
967 634 998 682 et
1022 619 1142 679 additus
1163 632 1223 685 etc.

72 706 236 768 mumist-
331 715 360 768 6.
403 700 513 761 BEDA
533 702 564 759 in
585 701 640 761 ΠΙ.
662 702 768 762 ioan:
811 703 980 784 Spiritualis
1001 705 1154 787 generatio
1174 714 1242 764 tota
1262 706 1308 765 in-

72 765 137 849 iiis?
158 769 406 844 ¹¹¹mbvisibiliter
426 788 534 870 agitur.
576 784 652 844 Nam
671 786 793 845 videtur
818 786 949 867 quidem,
976 791 1029 869 qui
1054 785 1248 869 baptizatur,
1280 791 1309 848 in

245 871 356 930 fontem
374 869 576 941 descendere,
601 870 721 929 videtur
749 873 833 950 aquis
862 873 987 955 intingi,
1013 866 1139 930 videtur¹
1163 871 1203 931 de
1223 876 1307 953 aquis

245 954 424 1015 ascendere:
447 955 502 1034 qui
526 965 627 1012 autem
646 956 679 1012 in
700 954 751 1012 illo
770 954 921 1013 lavacrum
947 958 1186 1038 regenerationis
1205 959 1306 1039 egerit,

245 1041 367 1099 minime
385 1048 488 1120 potest
502 1036 607 1097 videri.
649 1037 720 1098 Sola
743 1051 841 1098 autem
859 1037 994 1099 fidelium
1010 1041 1104 1120 pietas
1127 1041 1223 1116 novit,
1239 1043 1307 1121 quia

244 1135 387 1208 peccator
406 1116 561 1181 insontem
581 1121 752 1198 descendit,
775 1123 827 1182 sed
849 1121 1029 1207 purificatus
1047 1124 1199 1183 ascendit:
1230 1123 1305 1184 filius

245 1209 349 1267 mortis
374 1205 536 1281 deseendit,
559 1206 612 1264 sed
630 1204 710 1264 filius
733 1209 963 1267 resurrectionis
978 1207 1122 1267 ascendit.
1166 1206 1238 1267 Sola
1251 1207 1306 1268 hoc

246 1291 370 1350 ecelesia
392 1302 496 1366 mater,
518 1311 595 1371 quae
612 1302 743 1372 generat,
768 1303 862 1350 novit.
905 1291 1063 1351 Caeterum
1082 1289 1182 1350 oculis
1200 1294 1305 1373 insipi-

246 1377 359 1435 entium
379 1375 501 1435 videtur
522 1375 590 1434 talis
607 1377 687 1435 exire
709 1375 748 1434 de
769 1375 862 1450 fonte,
885 1375 979 1457 qualis
993 1377 1125 1452 intravit,
1147 1386 1305 1457 totumque

246 1458 423 1536 ludusesse,
447 1458 531 1541 quod
555 1459 664 1541 agitur.

76 1562 192 1606 uenusto
330 1557 358 1611 7.
400 1541 673 1603 DAMASCENUS
693 1542 727 1600 L.
756 1540 813 1604 IV.
841 1540 966 1603 orthod.
989 1540 1041 1601 fid.
1065 1562 1090 1601 c.
1119 1555 1188 1608 10.:
1231 1540 1304 1602 Pec-

74 1621 235 1714 Ξξζξζὶῗξζῗ,
248 1641 385 1687 catorum
411 1629 547 1702 remissio
565 1627 705 1686 omnibns
727 1646 823 1705 aeque
839 1646 896 1708 per
918 1627 1100 1708 baptismum
1127 1626 1242 1686 donata
1256 1638 1303 1702 est,

73 1709 233 1752 ffl¹¹¹⁰¹²¹t⁸¹¹¹·
247 1714 432 1794 gratiavero
455 1712 582 1791 spiritus
603 1715 708 1784 sancti,
731 1710 897 1768 seeundum
916 1711 1151 1792 proportionem
1174 1708 1250 1770 fidei
1278 1722 1304 1769 et

228 1797 397 1877 'puritatis
440 1794 528 1853 Nunc
547 1794 643 1875 igitur
665 1814 722 1874 per
742 1792 891 1874 baptisma
911 1796 1057 1874 primitias
1072 1796 1199 1875 spiritus
1213 1797 1303 1855 sancti
1343 1814 1346 1833 ¹

208 1916 210 1922 ,
244 1880 425 1959 accipimus:
450 1889 479 1935 et
499 1879 620 1935 initium
645 1876 767 1935 alterius
790 1880 867 1934 vitae
890 1873 926 1935 fit
943 1880 973 1935 in
992 1878 1091 1953 nobis,
1115 1877 1146 1935 id
1170 1891 1225 1953 est,
1246 1880 1304 1961 pri-

245 1965 347 2022 mitiae
367 1962 612 2043 regenerationis,
634 1972 665 2020 et
677 1959 872 2044 signaculum,
896 1971 926 2021 et
946 1961 1049 2038 tutela,
1073 1974 1102 2022 et
1115 1960 1302 2039 illuminatio,
1343 1976 1346 2035 t

247 2058 277 2105 et
292 2044 500 2105 sanctificatio.
1225 2038 1230 2049 ⁸

68 2157 235 2210 reccataflpror.
330 2142 358 2199 8.
403 2128 639 2190 GREGORIUS
661 2128 755 2204 M„L.
771 2128 826 2187 IX.
849 2148 895 2211 ep.
916 2141 966 2195 39.
989 2129 1029 2189 ad
1050 2129 1299 2212 Theotistampa·

70 2202 234 2305 {ffffiis'ffim
246 2215 373 2272 tritiam:
398 2213 430 2272 Si
452 2217 505 2294 qui
525 2225 605 2289 sunt,
620 2216 673 2294 qui
688 2213 803 2289 dieunt,
820 2212 990 2294 peccatam
1006 2213 1188 2295 baptismate
1200 2235 1301 2298 super·

245 2295 313 2357 ficic
326 2311 411 2357 tenus
434 2298 556 2374 dimitti,
586 2298 662 2380 quid
691 2308 736 2357 est
755 2296 813 2356 riae
845 2296 1070 2378 praedicatione
1089 2296 1256 2375 infidelius,
1276 2300 1303 2358 in

244 2405 305 2463 qna
328 2385 427 2464 ipsum
449 2380 520 2441 fidei
543 2394 760 2443 sacramentum
775 2380 923 2439 festinant
944 2381 1083 2441 solvere?
1104 2385 1135 2440 in
1147 2403 1210 2463 quo
1221 2385 1303 2465 prin·

243 2467 382 2549 cipaliter
403 2466 442 2527 ad
467 2467 600 2543 caelestis
621 2466 788 2527 munditiae
808 2466 984 2539 mysterium
1006 2468 1102 2524 anima
1128 2466 1256 2548 ligatur:
1274 2476 1304 2527 ut

242 2550 382 2610 absoluta
404 2551 550 2610 radicitus
571 2553 736 2634 apeccatis
759 2549 908 2624 omnibus,
932 2549 989 2607 soli
1010 2549 1055 2609 illi
1079 2548 1247 2627 inhaereat,
1269 2550 1304 2611 de'

70 2629 187 2681 1'⁵¹¹¹¹'²⁷²·
197 2632 229 2670 ²⁸·
240 2654 308 2715 .qu0
329 2634 483 2716 psalmista
504 2636 559 2693 ait:
600 2634 680 2694 Mihi
704 2646 804 2694 autem
827 2632 990 2692 adhaerere
1016 2634 1085 2693 Deo
1113 2633 1232 2693 bonum
1253 2646 1302 2694 est

245 2718 335 2776 Certe
357 2719 436 2776 enim
457 2719 545 2776 maris
575 2717 662 2777 rubri
691 2718 835 2776 transitus
864 2715 965 2800 figura
996 2719 1089 2776 sancti
1118 2716 1303 2800 baptismatis

91 2786 102 2810 ¹
134 2799 140 2812 '
165 2776 185 2816 δ’
213 2776 320 2874 ¹'fuit,
343 2802 373 2858 in
398 2823 461 2881 quo
486 2800 589 2860 hostes
615 2813 733 2884 atergo
756 2810 824 2859 sunt
845 2802 968 2868 mortui,
993 2800 1047 2860 sed
1070 2801 1118 2860 alii
1139 2803 1304 2863 contrafa-

244 2886 319 2943 ciem
342 2886 372 2941 iu
385 2905 485 2943 eremo
497 2895 568 2943 sunt
589 2886 710 2943 inventi,
755 2884 803 2942 Sic
821 2886 935 2965 quippe
953 2905 1065 2960 omnes,
1080 2886 1177 2965 quiin
1199 2899 1300 2946 sancto

242 2967 421 3051 baptismate
447 2971 616 3050 tinguntur,
631 2989 737 3027 eorum
761 2978 883 3050 peccata
900 2971 1065 3049 praeterita
1086 2973 1187 3029 omnia
1201 2970 1301 3030 iaxan·
1344 3032 1346 3041 ,

239 3046 305 3128 tur,
329 3055 398 3135 quia
421 3054 466 3112 eis¹
484 3051 568 3111 velut
582 3050 726 3133 Aegyptii
747 3050 851 3110 hostes
876 3063 995 3135 atergo
1018 3055 1201 3114 moriuntur.
1247 3054 1303 3117 Sed

243 3137 275 3195 in
293 3159 393 3196 eremo
411 3136 487 3197 alios
507 3134 608 3196 hostes
627 3138 803 3210 invenimus,
825 3136 906 3215 quia,
927 3133 999 3194 dum
1014 3139 1044 3194 in
1066 3136 1123 3195 hae
1142 3139 1205 3197 vita
1228 3140 1303 3199 vivi·
1344 3172 1346 3217 !

240 3242 317 3295 mus,
335 3223 512 3304 priusquam
534 3218 573 3279 ad
597 3220 805 3302 promissionis
827 3221 957 3301 patriam
979 3222 1201 3302 pertingamus,
1224 3220 1302 3282 mul·
1344 3228 1346 3249 ¹

240 3315 288 3364 tae
305 3308 485 3367 tentationes
513 3325 570 3365 nos
601 3304 747 3387 fatigant,
782 3313 814 3361 et
848 3303 886 3363 ad
914 3314 1024 3363 terram
1047 3306 1211 3364 viventium
1236 3318 1301 3376 ten·

241 3388 382 3451 dentibus
415 3392 472 3449 iter
497 3387 699 3448 intercludere
722 3387 873 3447 festinant.
917 3387 978 3462 Qui
1005 3409 1076 3471 ergo
1108 3388 1196 3465 dicit,
1229 3408 1302 3472 pet·

144 3544 148 3553 .
240 3484 307 3532 cata
340 3474 373 3532 in
404 3472 586 3554 baptismate
616 3472 755 3532 funditus
782 3491 844 3531 non
880 3470 1012 3546 dimitti,
1049 3472 1131 3530 dicat
1164 3474 1195 3532 in
1228 3472 1300 3535 mari

172 3550 175 3554 ⁴
239 3556 340 3615 rubro
370 3555 536 3640 Aegyptios
559 3577 620 3616 non
634 3559 792 3616 ‘veraciter
814 3567 960 3616 mortuos.
1004 3554 1035 3614 Si
1053 3567 1152 3614 autem
1176 3557 1298 3633 fatetur,

92 3642 116 3705 ,“
237 3636 405 3722 Aegyptios
425 3643 572 3700 veraciter
592 3652 741 3717 mortuos,
763 3640 893 3699 fateatur
913 3654 1033 3698 necesse
1054 3651 1107 3715 est,
1129 3653 1257 3722 peccata
1270 3642 1299 3700 in

44 3702 132 3779 ,Μ’
146 3707 183 3750 ‘³'
196 3707 224 3745 '⁰'
238 3721 418 3805 baptismate
440 3724 578 3784 funditus
599 3726 693 3784 moriz
717 3727 789 3806 quia
810 3726 950 3782 nimirum
964 3722 1034 3804 pius
1055 3722 1135 3782 valet
1150 3725 1183 3782 in
1207 3722 1300 3784 abso-

212 3853 214 3857 .
237 3805 354 3867 lutione
374 3818 479 3868 nostra
497 3809 625 3885 veritas,
650 3829 739 3889 quam
762 3807 870 3868 umbra
889 3808 1047 3872 veritatis„
1073 3808 1110 3866 ln
1132 3807 1299 3891 Evangelio

235 3889 386 3951 Dominus
411 3893 504 3953 dicit:
547 3892 613 3967 Qui
639 3891 721 3953 lotus
747 3905 802 3964 est,
825 3911 887 3950 non
913 3890 1036 3974 indiget,
1065 3885 1131 3949 nisi
1145 3904 1179 3950 ut
1205 3893 1298 3973 pedes

238 3972 325 4051 lavet,
346 3977 399 4035 sed
420 3989 465 4037 est
484 3976 616 4037 mundus
645 3988 739 4037 totus.
783 3976 815 4034 Si
837 3975 932 4056 igitur
963 3974 1085 4056 peecata
1113 3977 1161 4053 in‘
1178 3974 1299 4058 baptis-⁸

237 4070 327 4120 mate.
341 4059 478 4120 funditus
502 4060 625 4127 minime
649 4061 859 4132 dimittuntur,
889 4059 1046 4137 quomodo
1076 4062 1111 4134 is,
1137 4060 1191 4139 qui
1213 4059 1300 4119 lotus

235 4154 292 4219 est,
312 4143 444 4203 muudus
462 4154 508 4203 est
528 4143 632 4204 totus-i
672 4144 769 4203 Totus
783 4144 863 4201 euim
873 4141 1002 4202 mundus
1026 4142 1086 4203 dici
1104 4163 1167 4223 non
1185 4154 1300 4224 potest,

235 4226 284 4287 oui
307 4226 347 4289 de
368 4238 496 4314 peccato
517 4225 633 4311 aliquid
654 4227 804 4291 remansit.
846 4225 908 4287 Sed
924 4247 1012 4288 nemo
1034 4227 1148 4289 resistit
1158 4228 1230 4287 voci
1246 4248 1299 4291 re·
