2790 4792
217 327 295 399 aaa
465 315 1055 407 nusaeuannuro

47 533 180 588 „em
221 505 271 566 vel
293 503 420 588 intelligi
442 503 577 582 debere,
601 504 654 586 qui
670 514 774 565 sancto
796 501 866 564 oleo
880 502 1048 575 chrismatis
1061 504 1195 587 perungi
1215 525 1284 587 pos·

45 600 136 652 ”⁰³¹02
224 601 314 664 sunt,
349 610 412 670 quo
440 588 479 648 ab
510 590 653 672 episeopo
678 588 832 665 confecto,
854 610 917 649 non
946 589 1044 648 solum
1064 589 1282 668 sacerdotibus,

50 645 159 685 mm
225 678 280 734 sed
304 675 445 735 omnibus
473 675 519 732 uti
536 672 714 733 Christianis
733 670 805 735 licet
831 675 863 731 in
881 693 936 732 sua
956 663 1010 732 aut
1029 691 1161 731 suorum
1188 693 1281 733 ueces-

63 791 194 854 Q„„„„„
227 760 313 817 sitate
351 756 532 839 inungendo.
585 757 741 816 Caeterum
755 756 842 815 'illud
871 756 1057 840 superfluum
1077 755 1219 817 videmus
1236 757 1284 817 ad-

52 849 163 901 r⁰⁸⁸¹¹²¹²·
227 844 366 924 jectum,
389 854 424 900 ut
447 841 484 900 de
506 841 651 923 episcopo
673 839 864 923 ambigatur,
886 842 967 922 quod
989 838 1182 923 presbyteris
1205 841 1287 902 licere

51 961 174 1007 mm,
228 947 290 986 non
314 925 441 985 dubium
474 936 528 983 est.
582 923 658 983 Nam
680 924 795 984 ideirco
820 924 857 984 de
878 924 1064 1006 presbyteris
1088 924 1209 984 dictum
1241 937 1288 1001 est,

230 1012 300 1092 quia
334 1011 467 1094 episcopi
489 1008 741 1091 occupationibus
760 1008 826 1068 aliis
851 1009 1008 1091 impediti,
1037 1008 1075 1067 ad
1098 1030 1208 1069 omnes
1229 1010 1289 1069 lan·

230 1094 339 1178 guidus
364 1097 491 1152 irenen
516 1104 654 1174 possunt
700 1092 859 1151 Caeterum
875 1097 899 1152 si
924 1096 1089 1175 episcopus
1110 1106 1166 1154 aut
1184 1105 1288 1175 potest,

1360 970 1364 1019 r

1358 1024 1363 1111 ἐ

230 1191 283 1238 aut
303 1179 428 1262 dignum
452 1176 538 1236 ducit
562 1176 692 1257 aliquem
713 1197 729 1235 a
748 1197 780 1234 se
800 1177 981 1265 visitandum
1008 1190 1038 1237 et
1059 1176 1247 1238 benedicere
1264 1191 1290 1238 et
1360 1186 1362 1231 ἶ

229 1276 352 1345 tangere
372 1261 551 1337 chrismate,
569 1262 633 1319 sine
656 1263 849 1319 cunctatione
869 1274 991 1341 potest,
1011 1263 1102 1340 cujus
1125 1274 1173 1321 est
1198 1264 1291 1344 ipsum

61 1346 362 1455 nannenten-chrisma
399 1342 561 1404 conficere.
615 1345 691 1405 Nam
723 1345 947 1425 poenitentibus
976 1344 1057 1405 istud
1082 1345 1211 1404 infundi
1235 1368 1291 1407 non

58 1426 169 1460 mannes

1359 1252 1364 1355 i

1360 1368 1364 1441 r

56 1443 347 1515 „„,„„m„potest,
369 1432 440 1511 quin
461 1449 553 1512 genus
574 1440 619 1488 est
639 1431 825 1488 sacramenti.
867 1428 942 1488 Nam
967 1428 1080 1509 quibus
1104 1430 1227 1510 reliqua
1247 1451 1292 1490 sa-
1361 1444 1365 1491 ἰ

58 1518 108 1559 ‘lm
118 1517 205 1557 merto.
231 1528 383 1576 eramenta
411 1525 581 1596 negantur,
621 1512 779 1597 quomodo
805 1534 898 1572 unum
930 1533 1021 1596 genus
1057 1518 1190 1596 putatur
1208 1534 1292 1598 posse
1324 1533 1351 1571 A

231 1599 382 1659 concedi?

315 1697 344 1749 5.
387 1681 544 1740 PETRUS
578 1681 742 1741 Damianns
771 1684 802 1740 in
823 1702 961 1741 sermone
994 1681 1097 1762 primo
1120 1682 1151 1741 in
1174 1680 1294 1742 dedica·

228 1771 315 1828 tione
336 1765 507 1824 Ecclesiae:
528 1765 664 1825 Tertium
686 1779 903 1825 sacramentnm
920 1767 1078 1824 estunetio
1092 1762 1293 1849 infirmorum.

229 1848 457 1912 Infirmantibus
471 1847 561 1907 nobis
583 1862 614 1908 et
635 1870 732 1931 usqne
754 1850 792 1908 ad
813 1863 940 1909 mortem
955 1848 1078 1908 mortali
1099 1863 1293 1930 peecatorum

234 1936 320 1993 febre
352 1932 587 2012 languentibus,
619 1935 741 2014 spiritus
765 1936 886 2015 pietatis
911 1935 1039 2006 assistit,
1062 1945 1093 1993 et
1114 1934 1289 1995 recordatus

61 2042 224 2092 Jae.5,14.15.
236 2028 297 2091 est,
331 2017 476 2094 quoniam
493 2014 594 2095 pulvis
619 2036 729 2074 sumus.
773 2017 825 2076 Ait
847 2018 926 2075 enim
953 2017 1041 2075 divus
1061 2017 1204 2077 lacobus.
1230 2018 1285 2075 In·

235 2098 377 2161 firmatur
400 2099 467 2179 quis
487 2101 518 2155 in
547 2097 658 2156 vobis?
691 2098 815 2158 inducat
836 2100 1034 2181 presbyteros
1058 2099 1219 2174 Ecclesiae,
1252 2110 1283 2159 et

238 2194 326 2245 orent
347 2181 549 2265 supereum,
571 2194 715 2264 ungentes
737 2203 805 2242 eum
830 2183 897 2243 oleo
915 2186 944 2243 in
960 2172 1232 2244 nomine‘Domini:
1253 2184 1303 2242 et*

239 2269 339 2328 oratio
360 2264 432 2326 fidei
456 2264 584 2326 salvabit
604 2264 773 2341 infirmum,
801 2278 831 2327 et
850 2267 999 2328 alleviavit
1023 2290 1091 2328 eum
1121 2268 1291 2330 Dominust

61 2363 164 2406 urata·
178 2375 212 2403 σι·
239 2366 269 2414 et
304 2353 328 2411 si
360 2352 391 2410 in
408 2353 539 2494 peccatis
563 2362 628 2429 est,
650 2351 840 2411 dimittentur
857 2353 893 2411 ei.
935 2352 1083 2411 Solemnis
1100 2354 1226 2428 unctio,
1252 2351 1293 2411 li-

60 2419 214 2507 it'diiim'
239 2458 321 2518 quor
339 2434 502 2512 excelens,
536 2457 599 2517 quo
620 2438 729 2497 sanitas
752 2437 910 2512 redditur,
949 2448 1108 2519 peccatum
1125 2435 1294 2512 dimittitur,

238 2522 410 2580 immittitur
430 2523 522 2579 timor
546 2520 679 2581 Domini.
723 2518 855 2582 Videsne
873 2521 1004 2602 qualiter
1023 2519 1294 2582 sacerdotalisma·
1369 2518 1372 2553 ⁵

237 2626 293 2664 nus
327 2601 506 2662 infirmantis
530 2625 644 2687 ¹eorpus
672 2605 813 2682 alleviet,
846 2616 876 2664 et
909 2603 1124 2666 illecebrosam
1157 2624 1294 2666 sensuum

73 2721 204 2763 sacramen.
234 2690 400 2759 motionem
428 2686 624 2747 sacratissima
652 2690 768 2772 mitiget
799 2688 964 2749 unctione?
1011 2689 1103 2748 Unde
1141 2701 1171 2749 et
1206 2689 1296 2749 saneti
1366 2718 1369 2775 g

60 2777 118 2815 lum·
236 2785 338 2855 patres
362 2770 440 2829 hanc
473 2773 648 2831 unctionem
672 2787 888 2833 sacramentum
911 2794 975 2832 CSSB
998 2786 1173 2834 sanxerunt.

320 2867 349 2921 6.
391 2853 633 2914 BERNARDUS
662 2858 693 2914 in
727 2861 787 2917 vita
817 2858 912 2917 sancti
948 2855 1117 2916 Malachiae
1143 2858 1293 2954 episcopi:
1366 2818 1368 2825 Ι

236 2937 402 3001 Habitahat
437 2944 484 2997 vir
518 2939 630 2998 nobilis
659 2941 690 2999 in
723 2943 832 3000 vicinia
867 2941 1085 3000 Beuehorensis
1108 2944 1292 3003 Monasterir.

237 3023 333 3104 Cujus
359 3043 455 3100 uxor,
491 3042 560 3082 eum
592 3021 793 3084 infirmaretur
813 3023 851 3084 ad
876 3037 1019 3100 mortem,
1047 3026 1178 3108 'rogatus
1203 3026 1293 3087 Mala·

235 3106 334 3183 chias,
373 3119 409 3165 ut
445 3107 663 3184 descenderet,
704 3111 879 3191 prinsquam
912 3121 1103 3193 moreretur,
1147 3109 1294 3170 infirmam

234 3206 382 3252 uncturus
415 3190 500 3250 oleo:
537 3191 711 3270 deseendit,
745 3205 776 3251 et
810 3194 931 3254 intravit
954 3192 1087 3269 adeam.
1135 3196 1211 3271 Quo
1236 3196 1292 3254 uiso

236 3275 363 3336 exsultet
388 3266 454 3349 illa,
483 3296 535 3356 spe
568 3279 695 3336 animata
724 3275 837 3336 salutis.
879 3277 920 3338 Et
941 3299 1011 3337 eum
1032 3293 1158 3359 pararet
1185 3297 1292 3363 ungere

237 3381 322 3436 eam,
350 3359 446 3417 visum
478 3371 520 3417 est
553 3358 694 3421 omnibus
731 3360 932 3420 differendum
958 3362 1060 3443 potius
1088 3381 1293 3444 nsquemane.

236 3442 311 3503 Erat
330 3445 406 3500 enim
425 3463 556 3524 vespera.
598 3447 758 3533 Aequievit
780 3445 955 3523 Malachiae,
977 3459 1005 3505 et
1022 3445 1091 3505 data
1104 3447 1295 3508 benedictio-

237 3547 275 3586 ne
295 3548 386 3609 super
403 3548 437 3585 ae
458 3547 538 3602 ram,
561 3528 650 3588 exivit
667 3550 735 3589 cum
756 3528 823 3604 his,
848 3531 901 3610 qui
923 3551 1023 3588 secum
1045 3544 1140 3590 crant.
1186 3531 1231 3592 At
1250 3552 1295 3590 ve-

238 3631 275 3670 ro
295 3623 365 3693 post
386 3549 536 3670 modicum
555 3612 656 3673 subito
675 3614 787 3674 elamor
813 3614 907 3673 laetus
928 3626 989 3689 est,
1011 3612 1151 3696 planctus
1171 3628 1204 3683 et
1226 3628 1296 3676 stre-

237 3695 318 3777 pitus
356 3695 467 3754 multus
487 3717 543 3780 per
577 3706 669 3756 totam
695 3699 840 3778 domum,
871 3699 1019 3779 siquidem
1042 3700 1199 3776 insonuit,
1220 3695 1295 3782 quod

237 3793 357 3841 mortua
386 3792 470 3840 esset.
514 3780 658 3840 Accurrit
678 3782 839 3842 Malachias
861 3782 997 3842 tumultu
1018 3782 1140 3843 audito:
1164 3795 1198 3844 et
1215 3805 1295 3845 secu·

62 3849 224 3952 ,ffiffifflffl'
237 3865 261 3922 ti
282 3877 353 3924 sunt
373 3884 441 3925 eum
460 3863 600 3948 discipuli
619 3867 693 3946 ejus.
735 3866 777 3926 Et
791 3867 936 3927 accedens
955 3866 994 3926 ad
1015 3865 1150 3943 lectum,
1179 3881 1219 3927 ut
1237 3887 1295 3929 cer·

61 3948 144 3989 ‘nunt'
163 3949 286 4008 ‘tw-to
299 3952 447 4038 comperit
469 3950 652 4031 exspirasse,
682 3962 889 4013 consternatus
905 3963 950 4010 est
964 3952 1062 4011 animo
1074 3996 1084 4028 ,
1116 3951 1178 4012 sibi
1201 3955 1298 4035 impu·
1367 3972 1370 3979 ·

59 3996 114 4037 data
128 4006 201 4050 gratia

59 4047 201 4106 statamus
237 4044 322 4107 taus,
370 4033 434 4092 uod
454 4032 593 4096 fraudata
619 4036 722 4118 ,gratia
745 4035 923 4095 sacramenti
947 4033 1067 4097 obierit.
1111 4035 1155 4096 Et
1179 4034 1297 4097 elevatis

57 4093 267 4186 h2'·,¹2l,“⁸‘¹¹'¹‘¹¹'in
300 4052 419 4176 corilum
452 4117 606 4179 manibus:
641 4117 779 4178 Obsecro
800 4119 932 4178 Domine
968 4121 1096 4200 (inquit)
1123 4121 1300 4201 insipienter

235 4200 301 4289 egi,
322 4219 379 4299 ego
399 4202 548 4285 peceavi,
579 4203 635 4284 qui
651 4201 774 4293 distuli,
795 4223 856 4301 rign
873 4202 945 4292 ista,
965 4224 1044 4284 quae
1064 4202 1185 4289 voluit..¹
1221 4207 1300 4287 ilaec
