2782 4786
65 39 412 143 10-007-021
482 76 485 81 -

168 1414 604 1629 Praelatio
675 1459 1040 1639 editoris.

443 1748 446 1753 ¹
508 1740 704 1767 —n-
774 1752 778 1757 -

66 2234 209 2370 Deus
245 2290 413 2391 Optimus
448 2285 636 2361 Maximus
648 2336 661 2375 ,
696 2287 803 2386 cnjus
849 2289 1130 2365 misericordiae

64 2442 143 2491 non
177 2431 235 2489 est
266 2437 458 2500 numerus,
492 2426 531 2483 et
562 2407 743 2483 bonitatis
774 2407 936 2483 infinitus
977 2431 1035 2486 est
1056 2415 1134 2486 the·

66 2563 219 2623 saurus,
235 2539 257 2581 ¹²
280 2533 497 2609 humilitatis
520 2546 675 2603 nostrae
699 2545 821 2607 votnm
845 2534 1070 2626 secundavit,
1091 2554 1132 2609 ut
1146 2561 1306 2654 ¹1³⁰''J'·¹⁰⁴

66 2678 167 2734 tomo
192 2660 312 2760 primo
337 2677 512 2748 summae
536 2653 742 2727 Doctrinae
756 2657 1006 2735 ¹Christianae
1025 2623 1221 2739 vana-3⁸3⁴
1245 2619 1315 2721 m.

66 2784 196 2857 rabilis
228 2782 346 2854 Patris
382 2774 524 2849 Petri
551 2778 760 2862 Canisii,
795 2804 818 2850 a
844 2783 1033 2853 Busaeo
1059 2785 1131 2855 No·

66 2908 237 3004 viomago
261 2922 346 2976 ante
374 2894 549 2972 ducentos
576 2901 835 2999 acseraginto
867 2884 983 2976 annos
1011 2904 1129 3005 dilap.

66 3051 136 3105 ¹sos
159 3024 371 3095 fidelissime
395 3021 512 3094 editae
525 3075 537 3114 ,
565 3025 769 3097 secundum
796 3043 966 3124 tempore
989 3027 1132 3102 brevis·

66 3151 167 3225 simo
209 3145 406 3242 adjungere
451 3146 694 3231 valuerimus.¹
741 3147 855 3246 Cujus
891 3150 1010 3244 gratia
1048 3149 1134 3221 fons

71 3290 128 3346 est
160 3267 325 3342 omnium
364 3265 543 3337 bonorum
576 3269 792 3353 donorum-3)
803 3319 816 3357 ,
857 3268 938 3360 Ipse
963 3287 1001 3342 et
1022 3269 1264 3375 nebiogfmi·
1284 3280 1301 3320 ¹·

68 3407 258 3469 momenta
287 3387 470 3488 temporis
512 3392 721 3465 necessaria
733 3441 746 3480 ,
798 3389 1131 3491 valetudinemque,

70 3543 142 3591 nec
170 3539 248 3587 non
283 3492 572 3612 impigritatem‚
609 3514 743 3611 quibua
770 3510 1007 3613 typographo
1019 3567 1031 3604 ,
1069 3517 1133 3614 qui

68 3666 155 3715 mox
190 3634 376 3734 duplicem
405 3632 671 3732 operariorum
717 3660 906 3708 numerum
951 3634 1131 3728 adhibuit,

67 3763 161 3838 licet
185 3758 309 3833 multis
341 3756 425 3829 aliis
465 3746 770 3858 occupationibus
797 3758 970 3848 distenti,
991 3776 1132 3836 ,tamen

71 3900 255 3987 perpetuo
274 3879 520 3985 necessariam
549 3881 879 3981 manuscriptorum
908 3881 1054 3980 copiam
1064 3906 1133 3980 po.

75 4007 251 4081 metimus
273 4027 500 4104 comparare.
550 4002 633 4103 Quo
660 4000 883 4083 laboriosior
914 4004 1010 4076 enim
1041 4028 1132 4102 ope.

74 4151 142 4215 ra,
177 4128 336 4230 quaein
359 4126 483 4205 multis
507 4149 745 4201 numerorum
774 4125 937 4201 millibus
959 4126 1133 4201 adnotan-

904 4251 925 4296 1
