2790 4792
280 222 328 335 1·.
396 236 815 348 -usrr'rsur'
1086 296 1139 365 ω

71 471 265 533 ablutionem
289 468 371 528 illam
393 468 516 551 uestigia
542 465 744 546 derelinquat.
781 465 957 535 Praeteritis
980 469 1067 549 lotis,
1087 474 1137 533 vt.

71 569 104 616 ta
121 557 266 636 deinceps
291 553 418 613 arbitrio
439 566 486 613 est
509 552 643 634 proprio
665 548 859 628 deducenda,
883 557 925 615 ita
937 569 1057 631 mmcn,
1097 570 1134 617 ut

74 639 248 699 actualibus
282 636 441 717 aliquando
471 632 756 696 recrudescentibus
772 636 833 714 jam
854 658 915 697 nou
942 643 1133 723 imputentur

76 723 259 805 originalia,
290 743 346 780 nec
373 732 499 805 propter
531 719 584 779 illa
613 716 799 777 damnationi
816 719 963 783 obnoxius
989 727 1047 800 sit,
1080 726 1131 785 eui

72 808 166 868 semel
191 806 243 866 illa
266 817 336 865 sunt
356 807 388 864 in
407 804 567 887 baptismo
591 800 728 860 indulta·
761 801 797 860 ln
827 805 1024 887 originalibus
1051 811 1132 869 enim

71 892 235 972 corruptio
255 901 378 950 naturae
392 887 488 970 abjici
507 899 539 946 et
562 886 749 945 exterminari
772 902 946 948 munerat:
977 893 1031 951 sed
1059 895 1132 973 quia

71 996 136 1035 non
155 985 219 1033 erat
239 974 380 1034 voluntas
393 976 425 1032 iu
444 971 546 1053 eulpa,
567 969 704 1049 providit
719 969 802 1028 Dens
818 972 948 1052 generali
960 975 1133 1037 damnatio-

71 1062 103 1118 ni
124 1057 308 1134 remedium,
338 1071 369 1118 et
383 1078 456 1116 suae
476 1054 656 1113 seutentiam
675 1054 811 1133 justitiae
833 1059 1030 1137 temperavit,
1056 1059 1133 1119 hac·

68 1143 246 1203 rediturium
267 1163 345 1202 onus
365 1163 383 1202 a
402 1137 513 1200 sobole
535 1156 710 1211 removens,
731 1149 763 1196 et
783 1139 1023 1201 misericorditer
1041 1142 1134 1202 ablu-

69 1229 154 1287 u'one
185 1235 216 1284 et
248 1229 396 1285 unctione
427 1218 620 1295 medicinali,
649 1223 858 1302 corruptionis
880 1225 1051 1306 primitivae
1071 1227 1137 1285 ler-

70 1321 204 1372 mentum
224 1312 407 1391 eipurgans.

155 1405 185 1460 a.
228 1387 443 1453 ORIGENES
464 1386 496 1445 in
519 1384 696 1446 RoutV1.=
728 1387 776 1446 De
795 1385 857 1447 hoc
883 1389 973 1449 etiam
991 1387 1139 1472 parvulo-

70 1498 139 1538 rum
164 1488 295 1558 peccato
326 1471 431 1529 David
453 1470 561 1528 dixisse
581 1469 752 1530 credendus
781 1482 826 1531 est
841 1471 935 1547 illud,
974 1474 1061 1555 qnod
1084 1494 1139 1534 su-

68 1566 126 1645 p'ra
148 1558 406 1625 memoravimus,
434 1554 504 1633 quia
522 1553 554 1611 in
577 1565 703 1637 peccato
728 1558 870 1636 concepit
886 1576 932 1615 mc
948 1569 1044 1618 mater
1062 1578 1137 1618 mea.

68 1642 256 1705 Secundum
294 1639 455 1696 historiam
483 1637 561 1697 cuim
591 1637 707 1696 nullum
731 1646 834 1698 matris
858 1641 924 1719 ejus
963 1642 1137 1711 declaratur·

66 1728 246 1810 peccatum.
299 1722 367 1779 Pro
398 1719 459 1779 boo
492 1732 522 1779 et
540 1719 676 1781 Ecclesia
703 1720 742 1780 ab
758 1721 915 1805 Apostolis
937 1727 1133 1788 traditionem
1167 1743 1271 1787 arausio

69 1808 235 1888 suscepit,
266 1807 355 1865 etiam
384 1802 512 1884 parvulis
542 1803 724 1886 baptismum
755 1806 835 1865 dare.
890 1806 1034 1870 Sciebant
1053 1812 1133 1871 enim
1142 1791 1286 1845 ΔΝΜ

67 1894 133 1967 illi,
168 1889 280 1970 quibus
316 1889 525 1962 mysteriorum
545 1901 661 1949 secreta
682 1892 838 1951 commissa
856 1903 928 1951 sunt
948 1894 1130 1972 divinorum,
1157 1909 1250 1972 remu
1264 1927 1306 1967 pu

68 1979 141 2058 quia
173 1984 271 2033 esseut
303 1974 335 2031 in
357 1971 494 2031 omnibus
515 1974 663 2054 genuinae
682 1974 788 2035 sordes
808 1977 945 2057 pcccati,
976 2000 1054 2060 quae
1075 2002 1131 2063 pcc
1139 1961 1290 2065 lilllffiff

69 2080 179 2143 aquam
201 2068 230 2117 ct
249 2058 389 2139 spiritum
410 2055 490 2115 ablui
512 2055 665 2117 deberent
1137 2067 1235 2110 pecta.)
1248 2062 1305 2104 tn·-

157 2156 185 2208 5.
224 2140 411 2200 RETICIUS
432 2139 717 2223 Augustudunensis,
734 2141 912 2226 Episcopus
946 2144 986 2205 de
1007 2113 1226 2229 baptis-'mur‘

73 2242 127 2289 mo
156 2225 300 2306 loquens,
335 2222 419 2306 apud
445 2224 602 2307 Augustis.
635 2226 670 2283 L.
693 2226 719 2284 Ι.
753 2239 834 2286 cont.
857 2228 968 2288 Julian.
991 2251 1058 2310 cap.
1078 2245 1128 2295 2:

76 2313 179 2371 Hanc*
194 2330 256 2369 esse
281 2307 478 2390 principalem
504 2311 536 2367 in
561 2307 701 2367 Ecclesia
722 2309 962 2392 indulgentiam,
983 2313 1133 2372 neminem
1144 2315 1217 2367 ⁰¹⁸2!
1235 2330 1292 2404 go·-

73 2395 234 2479 praeterit,
264 2395 295 2453 in
316 2413 377 2474 qua
398 2393 514 2475 antiqui
537 2392 674 2450 criminis
698 2411 789 2452 omne
812 2393 934 2471 pondus
948 2397 1134 2474 exponimus,
1145 2363 1307 2472 iliili'll.

76 2492 108 2539 et
134 2480 323 2561 ignorantiae
348 2490 469 2537 nostrae
497 2477 636 2534 facinora
656 2475 757 2555 prisea
775 2476 924 2552 delemus,
955 2476 1010 2537 ubi
1034 2489 1065 2539 et
1079 2472 1258 2539 νεὶ-ΨΜ·

10 2632 15 2639 ,
74 2576 172 2624 terem
200 2560 351 2621 bominem
374 2582 445 2620 eum
473 2559 616 2639 ingenitis
638 2557 804 2617 sceleribus
831 2563 973 2623 exuimus.
1026 2562 1134 2641 Audis,
1170 2621 1174 2625 .

76 2645 245 2727 (subjungit
264 2643 470 2728 Augustinusl'
486 2642 604 2721 antiqui
624 2643 757 2701 criminis
769 2643 906 2725 pondus,
926 2646 1013 2707 audis
1032 2650 1135 2729 prisca

74 2732 231 2806 facinora,
254 2731 341 2790 audis
366 2749 437 2786 ctam
461 2725 623 2785 sceleribus
645 2728 784 2808 ingenitis
806 2728 957 2790 homiuem
986 2743 1134 2795 veterem:

73 2828 105 2876 ct
121 2815 216 2876 audes
231 2815 375 2873 adversus
389 2810 464 2868 haee
488 2811 643 2870 ruinosam
668 2823 846 2875 construere
868 2817 1053 2877 novitatem?

161 2910 191 2965 1.
213 2897 247 2955 C.
274 2895 501 2954 CONClLlUM
533 2894 620 2955 trid.
654 2895 734 2959 Sess.
755 2909 783 2963 5.
805 2900 836 2959 in
857 2899 969 2960 decret.
991 2899 1029 2960 de
1049 2921 1134 2983 pecc.

78 2983 165 3065 orig.
191 3001 256 3039 can.
286 2993 334 3043 6.=
363 2979 485 3038 Manere
518 2981 549 3038 in
586 2979 746 3062 baptizatis
782 2984 1059 3064 concupiscentiam
1085 2984 1307 3076 &effug-h

74 3068 233 3138 fomitem,
258 3061 333 3121 baec
353 3062 609 3138 sanctasynodus
628 3065 742 3124 latetur
768 3078 798 3125 et
823 3069 931 3141 sentit,
964 3087 1044 3146 quae
1063 3083 1265 3136 cumsapmuu

76 3152 117 3213 cd
131 3168 265 3234 agonem
287 3145 389 3205 relicta
411 3147 468 3220 sit,
490 3167 600 3207 nocere
623 3169 686 3207 non
705 3149 986 3224 consentientibus,
1010 3164 1042 3211 et
1058 3139 1228 3210 viri-''⁸¹⁸'‘

75 3234 146 3297 liter
167 3253 225 3317 per
245 3230 342 3290 JESU
374 3229 534 3289 CHRISTl
564 3233 689 3313 gratiam
708 3231 949 3316 repugnantibus
965 3234 1134 3293 nonraletz

77 3324 157 3403 quin
189 3319 303 3390 immo,
334 3315 388 3394 qui
416 3313 546 3394 legitime
566 3317 742 3389 certaverit,
789 3316 1013 3388 coronabitur„
1051 3318 1308 3379 Hauserit-oms

74 3401 366 3484 concupiscentiam,
376 3417 468 3478 quam
478 3397 640 3478 aliquando
648 3399 815 3482 Apostolus
823 3414 986 3482 peccatum
1003 3401 1138 3485 appellat
1146 3390 1212 3472 bon.
1225 3436 1246 3473 2,
1255 3434 1274 3471 7.
1286 3432 1307 3473 a

73 3484 346 3561 sanctasynodus
372 3482 509 3542 declarat
520 3482 684 3543 Ecclesiam
709 3483 895 3545 Catholicam
913 3506 1066 3566 nunqnam
1089 3476 1307 3577 in·,}‚¹}ffi¹’;¹,⁰„

74 3571 229 3633 tellcxisse
260 3579 416 3651 peecatum
447 3565 614 3649 appellari,
643 3566 728 3648 quod
758 3590 828 3630 vere
846 3583 877 3631 et
895 3573 1024 3654 proprie
1037 3574 1069 3631 in
1086 3592 1137 3631 re-
1147 3584 1230 3620 utun.

77 3658 159 3717 uatis
182 3666 340 3736 peccatum
358 3654 414 3729 sit,
446 3651 501 3711 sed
523 3652 598 3731 quia
626 3670 660 3712 er
678 3666 804 3734 peccato
827 3666 887 3730 est,
915 3655 1000 3715 etad
1026 3676 1137 3741 pecca·

79 3752 144 3801 tum
181 3737 317 3797 inclinat.
365 3735 398 3795 Si
432 3740 503 3817 quis
536 3746 639 3795 autem
666 3741 853 3800 contrarium
875 3742 1024 3818 senserit,
1063 3760 1138 3802 anu-

80 3824 182 3887 uuna
204 3824 254 3883 sit.
902 3858 921 3871 ..
951 3866 956 3881 ,
1126 3866 1129 3871 .

160 3920 194 3974 2·
236 3901 492 3966 AUGUSTINUS
514 3905 549 3965 L
569 3904 595 3965 1.
617 3901 656 3962 tle
680 3916 769 3987 nupt,
787 3917 819 3967 et
837 3909 1009 3991 concupisc,
1028 3921 1138 3977 '0333

87 3988 353 4076 Concupiscentia,
388 4008 466 4067 quae
497 3989 573 4050 solo,
588 3986 786 4051 Sacramenta
819 3988 1059 4076 regenerationis
1084 4015 1141 4055 cx·

89 4074 203 4157 piatur,
223 4073 367 4161 prolecto
384 4075 501 4152 peccati
515 4072 677 4133 vinculum·
687 4077 880 4154 generatione
896 4080 1016 4161 trajicit
1032 4080 1065 4139 in
1083 4098 1142 4158 po·
1153 4070 1299 4165 ,223¹ng

8 4228 10 4235 ¹
76 4169 197 4239 -stcros,
239 4160 300 4220 uisi
330 4154 369 4217 ab
395 4155 449 4221 illc
466 4168 498 4220 ct
517 4159 822 4247 ipciregeneratious
838 4164 1036 4238 solvantur„
1066 4160 1143 4225 llam
1154 4172 1316 4223 ..spanum

132 4284 238 4331 &aldus
251 4286 279 4327 t.
295 4283 327 4324 11.
526 4328 529 4333 ,
792 4307 797 4317 ·
914 4286 934 4347 5
