2790 4792
208 318 315 399 [μη
462 309 1054 392 oasscaautauo

545 436 1001 565 souiaruaau

320 695 455 766 mettii
477 694 582 757 xlxi
618 692 691 759 lion
711 695 835 780 legistis,
855 694 936 777 quia,
959 691 1024 772 qui
1046 691 1135 752 fecit
1164 692 1281 770 ahhitio,

238 801 404 866 masculum
423 816 456 866 et
479 803 642 864 foeminam
662 803 738 866 feeit
757 799 831 862 eoai
870 799 913 859 Et
935 798 1041 859 dixitr
1087 798 1215 884 Propter
1233 799 1277 860 hoe
1320 830 1323 851 ι

239 913 369 973 dimittet
390 911 485 973 homo
509 922 628 994 patrem
648 921 680 971 et
700 920 836 984 matrem,
858 919 889 968 et
908 903 1106 966 adhaerebit
1125 910 1209 968 uxori
1224 928 1283 968 tiae

238 1032 269 1081 et
289 1031 378 1080 eruut
397 1018 493 1079 duo
484 1038 516 1076 iii
531 1037 624 1078 carue
643 1036 713 1076 una.
753 1013 897 1096 Itaque
883 1033 947 1093 Jam
967 1032 1040 1075 nou
1061 1027 1143 1076 suut
1166 1016 1236 1092 due,
1249 1013 1284 1074 iad

237 1146 299 1188 uua
320 1146 403 1187 caio
445 1120 541 1202 Quod
562 1141 636 1206 eigo
655 1123 741 1184 Deus
762 1120 943 1202 conjunxit,
962 1117 1070 1182 hoino
1103 1144 1172 1185 uon
1189 1134 1283 1205 separa

319 1257 435 1318 hiare.
456 1253 521 1314 Xe
560 1248 611 1322 Ab
647 1248 733 1311 initio
758 1258 858 1309 autem
886 1261 1056 1314 creaturae
1088 1253 1287 1314 maseuiumet

234 1363 399 1426 foeminam
419 1338 492 1424 iecit
512 1379 565 1422 eoi
584 1357 680 1418 Deus.
719 1352 853 1436 Propter
875 1351 940 1418 hoe
959 1358 1126 1447 relinquet
1139 1360 1230 1422 homo
1250 1380 1289 1443 Ja-

235 1482 316 1531 trem
342 1489 430 1530 aiiiim
450 1480 481 1531 et
497 1479 642 1541 matrem,
674 1473 705 1525 et
733 1461 911 1523 adhaerebit
942 1463 984 1524 ad
1007 1486 1140 1527 uxorem
1160 1477 1290 1544 suau‚et

238 1588 327 1637 erunt
357 1574 421 1637 duo
450 1578 482 1638 iii
515 1596 605 1636 carne
634 1591 704 1634 una.
745 1566 855 1651 Itaque
879 1571 945 1652 jam
960 1548 1044 1632 xiioii
1065 1588 1139 1636 sunt
1159 1564 1232 1654 duo,
1251 1575 1287 1637 sed

235 1702 298 1743 una
319 1704 403 1744 caro.
445 1679 541 1758 Quod
560 1701 633 1764 eigo
659 1678 745 1741 Deua
772 1677 952 1760 conjunxit,
970 1676 1072 1742 homo
1093 1704 1160 1744 nou
1179 1695 1286 1768 separet

318 1813 408 1874 Luc.
438 1811 541 1873 xvi:
570 1807 709 1889 Omnis,
733 1807 788 1892 qui
816 1803 945 1868 dimittit
976 1829 1108 1874 uxorem
1141 1806 1227 1876 auam
1266 1824 1289 1874 et

231 1916 359 1977 alteram
392 1912 509 1994 ducit,
525 1913 723 1979 moechatur·
749 1927 780 1979 et
814 1913 870 2000 qui
895 1912 1051 1979 dimissam
1079 1922 1184 1983 ariro
1206 1921 1286 1996 ducit,

232 2014 419 2079 moechatur.

314 2147 435 2214 Mare
455 2141 510 2208 ΧΑ
552 2109 1120 2233 Quicunquedimiaeiitmomsuam
1141 2161 1173 2210 et
1183 862 1323 2212 and

228 2253 362 2333 duxerit,
383 2253 565 2319 adulterium
584 2259 748 2321 committit
766 2277 860 2341 super
880 2280 957 2321 eam.
989 2258 1034 2320 Et
1051 2260 1076 2320 si
1092 2277 1170 2329 uiui·
1193 2256 1278 2318 dimi-

232 2366 307 2427 serit
326 2364 424 2424 virum
445 2378 544 2444 situm,
563 2365 666 2428 etalii
686 2365 835 2450 nupserit,
845 2366 1046 2451 &moechatum
1247 2376 1251 2382 ’

313 2492 527 2562 Rom.V11.2
569 2497 658 2574 Quae
679 2494 738 2559 sub
764 2495 832 2555 viro
857 2507 904 2556 est
930 2496 1057 2576 mulier,
1083 2495 1200 2564 virente
1223 2497 1287 2557 iiio

230 2597 354 2682 alligata
375 2612 420 2661 est
439 2598 521 2686 legi:
550 2605 576 2663 si
597 2616 696 2664 autem
723 2615 864 2663 mortuus
885 2601 982 2664 fuerit
1018 2607 1067 2665 rir
1087 2606 1173 2688 e‘Jus,
1194 2604 1286 2666 soluta

230 2714 311 2764 esta
338 2702 402 2788 lege
435 2709 501 2781 viri,
542 2708 642 2791 igitur
662 2711 780 2773 vivente
804 2709 872 2767 viro
901 2708 1075 2772 vocabitur
1104 2710 1307 2789 adulterati

206 2845 208 2852 ,
228 2810 325 2871 fuerit
344 2831 413 2871 cum
434 2807 503 2877 alio¹
517 2815 600 2874 viro:
621 2814 646 2877 si
667 2825 766 2876 autem
786 2825 927 2874 moituus
941 2816 1042 2878 fuerit
1062 2820 1112 2880 vir
1124 2821 1213 2901 ejus,
1220 2818 1282 2879 lihe-

227 2928 294 2978 iata
321 2929 366 2978 est
397 2915 502 3004 alege
534 2921 606 2983 virii
642 2933 680 2985 ut
699 2942 764 2984 uoii
784 2923 826 2982 ait
857 2920 1006 3002 adultera,
1046 2928 1075 2987 si
1106 2926 1232 2988 fuerit'
1232 2943 1297 3001 eia

228 3022 288 3086 alio
311 3027 387 3087 viro

310 3148 557 3220 tcoitnih.
577 3150 667 3218 vit·
708 3155 750 3218 lis
772 3120 885 3237 autem,
902 3159 967 3241 qui
984 3161 1272 3249 matrimoniojuiet'

220 3272 308 3338 suin,
331 3273 388 3321 ete
409 3271 445 3321 ut
465 3262 499 3322 iii
514 3271 608 3323 textu.

309 3361 359 3426 Ad
379 3365 531 3450 Ephesios
549 3376 580 3446 5,
599 3380 747 3453 utsupra
770 3381 885 3456 quaest.
903 3373 1014 3455 prima.

309 3491 454 3559 Cantie.
473 3498 530 3564 V.=
572 3495 652 3562 Veni
669 3502 703 3560 iu
717 3499 843 3563 hortum
857 3524 960 3564 meum
975 3485 1075 3567 toi-or
1093 3494 1167 3580 mea
1179 3525 1276 3595 sponsa'

225 3603 320 3686 Apeii'
333 3601 407 3664 mihi
419 3624 513 3676 (soror
530 3622 605 3683 mea,
624 3609 726 3677 'amica
745 3630 819 3686 mea,
838 3609 982 3671 columba
1004 3633 1087 3690 mea,
1109 3615 1315 3685 immaculata

224 3730 291 3776 mea
315 3718 373 3771 ete·
416 3710 522 3788 Qualis
545 3722 589 3773 est
615 3711 742 3774 dilectus
764 3725 834 3775 tuus
859 3736 895 3777 ex
921 3715 1058 3798 dilecto,
1082 3739 1102 3782 o
1126 3719 1323 3808 pulchari-1

224 3840 290 3880 nia
287 3817 474 3878 mulieiumi
505 3818 601 3904 qualis
622 3831 668 3884 est
689 3818 820 3884 dilectus
840 3835 913 3885 tuiis
943 3843 980 3885 ex
1005 3810 1143 3911 dilecto,
1165 3832 1230 3918 quia
1243 3825 1273 3888 iit

227 3915 373 4009 adjurasti
397 3924 480 3987 nos?
