2790 4792
272 358 353 429 280
464 396 476 419 x
521 348 626 423 ,Μ’-
643 347 720 421 8.,·Α“
735 347 762 417 (l
780 347 907 415 ΗΜ
926 346 957 411 Il
973 346 1003 413 li
1022 344 1099 414 ἘΟ

201 584 204 603 =
273 536 439 617 doloribus
460 555 671 621 rumpemus«
693 520 858 617 -Quoniam
877 537 1069 619 iniquitatem
1087 530 1190 595 meam
1205 526 1340 617 pronum-

277 631 334 687 tio.
354 623 661 693 ,iProuuntiationsm
690 620 874 703 iniquitatis,
896 622 929 682 id
951 630 1004 697 est,
1027 618 1256 682 confessionem
1276 638 1341 701 pec·
1377 618 1381 627 '

261 698 584 790 .cati,.·lrequentius
619 703 758 767 diximus.
808 702 888 765 Vide
925 726 1019 788 ergo,
1049 702 1126 786 quid
1160 703 1277 762 edocet
1296 716 1342 762 nos

109 808 273 856 mutantem·
282 795 436 875 scriptura
458 791 582 864 divina,
613 791 685 871 quia
706 799 833 871 oportet
857 802 1012 872 peccatum
1033 808 1100 848 nom
1120 784 1226 846 celare
1239 788 1343 846 intrin-

107 870 255 953 ζξξξῖζῖἶὲζῗ
283 897 380 939 secur.
428 875 580 939 Fortassis
597 877 678 933 enim
704 874 784 934 sicut
803 874 853 953 ii,
877 875 930 956 qui
959 873 1181 934 habentintus
1203 871 1344 930 inclusam

285 982 384 1024 escam
405 960 602 1045 indigestam,
633 967 686 1018 aut
716 952 862 1019 humoris¹
894 957 943 1018 vel
974 954 1158 1043 phlegmatis
1190 955 1344 1016 stomacho

285 1047 419 1132 graviter
440 1057 471 1106 et
504 1042 628 1103 moleste
653 1043 859 1117 imminentia,
893 1045 919 1102 si
940 1043 1130 1114 vomuerint,
1156 1038 1344 1100 relevantur:
1383 1072 1387 1109 ,-

126 1141 226 1233 Rapit
245 1135 330 1193 sita
353 1129 441 1189 etiam
457 1127 508 1206 hi,
546 1126 601 1208 qui
618 1138 838 1208 peccaverunt,
872 1128 893 1186 ii
916 1127 1039 1207 quidem
1065 1123 1227 1184 occultant
1255 1126 1346 1183 et're-

112 1193 162 1233 ’ὼ
203 1202 228 1232 ⁰‘
282 1214 383 1277 ,tinem
415 1215 496 1273 intra
515 1232 547 1272 se
571 1224 751 1293 peccatum,
782 1211 967 1270 intrinsecus
987 1222 1155 1292 urgentur,
1192 1220 1225 1267 et
1238 1228 1347 1291 prope-

286 1299 413 1361 modum
448 1294 639 1356 suffocantur
665 1315 683 1355 a
712 1293 883 1377 phlegmate
918 1293 966 1353 rel
993 1292 1125 1353 humore
1149 1294 1282 1374 peccati.
1321 1291 1348 1367 Si

286 1394 390 1444 autem
410 1383 475 1464 ipse
500 1383 549 1440 sui
575 1391 737 1441 accusator
768 1378 850 1452 luit,
878 1377 952 1438 dum
978 1388 1101 1438 accusat
1127 1384 1225 1436 semet
1247 1379 1348 1459 ipsum,

288 1478 319 1527 et
339 1463 520 1541 confitetur,
539 1463 628 1527 simul
649 1466 760 1525 evomit
779 1461 988 1539 etdelictum,
1009 1475 1102 1543 atque
1124 1480 1250 1520 omnem
1272 1481 1350 1520 mor-

286 1551 321 1611 hi
352 1551 464 1633 digerit
499 1569 627 1609 causam.
685 1547 910 1609 Tantummodo
938 1548 1137 1627 circumspice
1168 1545 1349 1628 diligentius,

155 1669 266 1711 mm„
287 1637 339 1695 cui
372 1634 482 1694 debeas
516 1630 655 1692 confiteri
685 1644 844 1716 peccatum
871 1643 967 1690 tuum.
1017 1629 1124 1690 Proba
1145 1632 1237 1712 prius
1259 1627 1349 1688 medi·

129 1720 259 1807 ⁰2⁸²fl⁸gu
289 1739 377 1795 cum,
406 1719 455 1779 cui
477 1715 587 1777 debeas
607 1737 727 1777 causam
749 1716 904 1798 languoris
927 1735 1094 1797 exponere,
1130 1716 1188 1795 qui
1211 1715 1287 1773 sciat
1307 1714 1350 1770 im-

114 1778 214 1857 ‘llamn
263 1810 266 1817 '
289 1801 403 1864 firmari
424 1821 494 1860 cum
513 1797 703 1875 infirmante,
726 1799 797 1859 llere
820 1821 888 1859 cum
907 1798 1015 1875 flente,
1038 1799 1092 1878 qui
1115 1797 1303 1857 condolendi
1323 1807 1351 1855 et

241 1882 244 1887 ¹
290 1883 495 1966 compatiendi
525 1886 646 1942 noverit
667 1858 872 1964 disciplinalm:
908 1895 944 1942 ut
972 1885 1013 1942 ita
1042 1883 1190 1956 demum,
1224 1885 1248 1940 si
1278 1880 1349 1961 quid

290 1968 342 2027 ille
377 1967 508 2040 dixerit,
545 1967 600 2043 qui
630 1985 661 2024 se
682 1969 768 2047 prius
790 1980 820 2024 et
841 1967 994 2027 eruditum
1016 1967 1170 2025 medicum
1188 1965 1349 2024 ostenderit

134 2081 270 2124 ommi„
293 2063 324 2109 et
342 2047 595 2124 misericordem,
620 2050 645 2107 si
668 2049 744 2130 quid
761 2049 878 2109 consilii
901 2049 1018 2108 dederit
1029 2053 1043 2126 ,·
1075 2051 1169 2110 facias
1186 2060 1216 2107 et
1235 2067 1346 2127 sequa-

120 2132 349 2232 ffgssutssffffirist
380 2135 406 2194 si
427 2131 626 2209 intellexerit,
658 2144 689 2191 et
708 2132 917 2214 praeviderit,
961 2134 1049 2192 talem
1079 2154 1150 2193 esse·
1174 2132 1366 2214 languorema

120 2241 270 2286 ⁶9⁸⁰⁰⁰=w
292 2231 402 2296 tuum,
435 2217 490 2299 qui
523 2217 555 2277 in
588 2228 738 2277 conventu
756 2217 853 2276 toti'us
882 2216 1034 2277 Ecclesiae
1055 2220 1167 2300 exponi
1188 2214 1289 2275 debeat
1312 2224 1342 2272 et

118 2283 162 2320 ’Μ’
292 2306 419 2380 curari,
447 2322 487 2374 er¹
511 2320 574 2384 quo
611 2302 749 2365 fortassis
777 2313 808 2361 et
827 2305 939 2369 caeteri
961 2299 1114 2360 aedificari
1136 2311 1295 2380 poterunt,
1318 2309 1349 2358 et

292 2401 329 2449 tu
359 2391 424 2471 ipse
442 2385 530 2447 facile
551 2387 669 2464 sanari,
690 2386 786 2447 multe
799 2384 867 2447 boc
878 2385 1111 2462 deliberatione,
1127 2397 1158 2445 et
1168 2387 1241 2446 satis
1252 2384 1350 2469 perito

286 2468 505 2546 -mediuijillius
520 2471 650 2533 consilio
665 2469 896 2554 procurandum
912 2483 965 2530 cst.

376 2569 422 2627 8.¹
448 2555 676 2616 CYPRlANUS
710 2559 743 2615 in
764 2566 909 2617 trabtatu
938 2553 986 2615 rel
1014 2574 1155 2613 sermone
1189 2552 1352 2636 delapsis:

291 2640 437 2719 Denique-
457 2648 575 2718 ‘quanto
607 2652 639 2699 et
657 2636 719 2698 fide
741 2642 895 2721 majores,
930 2652 960 2698 et
980 2637 1252 2697 timoremeliores
1276 2648 1352 2709 sunt,

294 2725 369 2803 qui,
405 2723 539 2801 quamvis
560 2720 647 2783 nullo'
670 2722 812 2784 sacrificii
831 2736 886 2783 aut
907 2718 1171 2783 libellifacimor'e'
1188 2723 1352 2796 constricti,

294 2805 439 2886 quoniam
469 2815 567 2863 tamen
594 2805 633 2864 de
654 2802 714 2865 hoc
736 2806 782 2866 vel
804 2810 1032 2890 cogitaverunt,
1063 2806 1127 2882 hoc
1147 2808 1250 2888 ipsum
1272 2804 1352 2888 apud

293 2887 465 2949 sacerdotes
493 2887 568 2947 DEI
590 2886 728 2949 dolenter
747 2902 779 2949 et
807 2891 983 2971 simpliciter
1003 2889 1208 2966 confitentes,
1230 2910 1353 2972 exomo-

293 2970 409 3055 logesim
431 2972 630 3032 conscientiae
651 2973 787 3049 faciunt,
808 2976 900 3036 animi
919 2977 966 3033 sui
987 2974 1109 3058 pondus
1126 2987 1294 3055 exponunt,
1305 2994 1353 3034 sa-

292 3056 422 3117 lutarem
448 3055 593 3115 medelam
623 3058 723 3138 parvis
743 3056 814 3117 licet
837 3071 868 3118 et
894 3059 1022 3118 modicis
1045 3059 1225 3117 vulneribus
1247 3059 1352 3139 exqui-

122 3168 266 3222 ωηατ,
292 3153 381 3218 runt,
403 3142 528 3202 scientes
557 3141 705 3222 scriptum
730 3161 816 3202 esser.
832 3144 915 3202 Deus
931 3164 994 3202 mon
1016 3143 1185 3202 deridetur.
1240 3144 1351 3202 lterum

291 3222 492 3308 paulopost:
515 3222 720 3285 confiteantur
742 3225 870 3308 singuli,
892 3247 1007 3308 quaeso
1027 3247 1080 3286 ros
1101 3227 1234 3302 fratres,
1258 3226 1351 3286 delic-

291 3321 357 3369 tum
378 3330 488 3385 suum,
509 3308 583 3371 dum
603 3309 719 3387 adhuc,
750 3313 804 3391 qui
824 3310 972 3393 deliquit,
995 3313 1027 3370 in
1048 3311 1168 3369 saeculo
1195 3323 1257 3386 est,
1282 3310 1350 3371 dum

293 3393 412 3455 admitti
432 3393 595 3467 ,confessio
627 3396 693 3475 ejus
725 3405 847 3477 potest,
887 3398 958 3456 dum
981 3394 1145 3455 satisfactio
1165 3406 1196 3454 et
1216 3397 1350 3455 remissio

121 3471 375 3560 ffissfiffg'ogfffacta
405 3498 460 3558 per
482 3477 672 3554 sacerdotes,
706 3478 789 3561 apud
809 3480 976 3539 Dominum
1006 3491 1091 3561 grata
1114 3489 1168 3537 est.
1213 3479 1349 3539 Conver-

121 3568 284 3612 fltinhaevtta.
294 3573 394 3622 tamur
426 3559 466 3621 ad
501 3560 666 3619 Dominum
684 3575 784 3623 mente
804 3575 891 3639 tota,
918 3577 947 3622 et
968 3564 1184 3644 poenitentiam
1207 3565 1351 3637 criminis,

294 3648 371 3704 reris
392 3643 552 3705 doloribus
570 3647 784 3725 exprimentes,
807 3648 864 3709 Dei
885 3646 1122 3707 misericordiam
1139 3644 1352 3728 deprecemur.

377 3740 406 3796 9.
448 3727 647 3789 PACIANUS
678 3733 709 3789 in
729 3735 883 3813 paraenesi
913 3732 951 3790 ad
972 3733 1209 3813 poenitentiam,
1240 3734 1305 3791 sire
1323 3730 1359 3790 im·

122 3817 272 3907 ware
295 3810 400 3873 libello
423 3811 460 3872 de
487 3815 670 3894 poenitentia
692 3825 722 3875 et
744 3817 950 3878 confessione:
976 3815 1040 3875 Vos
1063 3817 1195 3895 primum
1217 3815 1351 3898 appello,

120 3879 271 3959 babiloniis
293 3895 422 3971 fratres,
456 3898 509 3977 qui
542 3893 717 3958 criminibus
748 3901 899 3967 admissis,
934 3901 1158 3983 poenitentiam,
1185 3901 1351 3974 recusatis,

292 4000 362 4055 ros,
385 3982 529 4060 inquam,
560 3993 631 4064 post
651 3982 866 4062 impudentiam
888 3985 1034 4060 timidos,
1056 3996 1129 4065 post
1149 3996 1276 4063 peccata
1291 4006 1352 4061 ,re-

292 4063 462 4124 recuudosr
485 4067 538 4145 qui
560 4087 685 4146 peccare
706 4087 766 4126 mon
788 4068 983 4141 erubescitis,
1019 4080 1049 4127 et
1071 4065 1251 4128 crudescitrs
1274 4090 1353 4130 con-

43 4174 44 4179 *
124 4144 381 4223 1·1im.5‚‚filerl·
422 4147 463 4207 Et
485 4147 576 4228 paulo
597 4162 687 4230 posta
720 4150 801 4212 Ecce
822 4153 932 4212 iterum
953 4150 1118 4233 Apostolus
1140 4152 1180 4210 ad
1199 4154 1352 4214 sacerdo-

120 4223 159 4265 22·
290 4242 367 4295 tem:
396 4233 504 4296 Manus
532 4232 594 4295 cito
614 4232 692 4295 nulli
721 4235 883 4319 imponas,
910 4255 968 4295 nec
989 4236 1191 4297 communices
1212 4238 1351 4321 peccatis
