2790 4792
280 326 380 403 affl.
516 268 1098 385 unsacnaunuro

106 519 269 563 orannim·
279 510 368 570 licam
382 506 566 578 societatem,
588 499 813 564 honoreusuos
834 499 878 560 ibi
895 523 959 561 non
975 502 1213 562 administrent:
1234 522 1300 562 non
1314 505 1348 564 eis

104 570 237 661 pappam„-
279 615 378 655 tamen
399 593 464 673 ipsa
489 587 691 648 ordinationis
711 599 895 646 sacramenta
917 586 1130 660 detrahuntur,
1158 585 1217 644 sed
1240 598 1347 648 manent

279 699 372 765 super
392 695 451 735 cos.
493 671 631 752 Ideoque
657 690 720 730 non
754 670 797 730 eis
829 671 859 730 iu
887 664 1008 753 populo
1030 690 1139 729 manus
1175 671 1343 754 imponitur,

278 784 316 822 ne
345 781 408 821 nou
438 756 578 831 homiui,
605 754 659 813 sed
685 756 743 837 ipsi
780 766 967 815 sacramento
992 753 1049 813 fiat
1079 754 1212 834 injuria.
1268 756 1303 816 Et
1321 758 1343 816 si

279 846 403 931 quando
423 844 596 923 ignoranter
616 836 663 913 fit,
685 859 740 897 nec
763 840 898 899 animose
930 839 1108 898 defenditur
1131 838 1275 916 sactum,
1303 841 1348 900 sed

103 961 127 1002 i.
142 931 447 1013 cor.1s.;5.coi·rigitur
471 925 652 1006 cognitum,¹
669 925 756 983 uenia
780 922 898 984 facilius
930 925 1119 1006 impetratur.
1167 923 1260 984 Deus
1282 928 1348 984 euim

277 1027 383 1076 noster
404 1031 465 1070 non
487 1019 532 1068 est
553 1007 750 1067 dissensionis
770 1007 873 1083 Deus,
892 1007 945 1067 sed
967 1009 1051 1091 pacis
1064 1031 1083 1089 ².
1104 1027 1166 1068 nec
1198 1007 1347 1069 Ecclesiae

277 1103 344 1180 ejus
366 1097 558 1156 Sacramenta
579 1093 609 1150 iu
623 1093 676 1167 eis,
697 1093 752 1172 qni
771 1089 810 1151 ab
826 1090 960 1151 Ecclesia
974 1104 1177 1169 recesserunt,
1202 1095 1261 1153 sed
1289 1095 1347 1175 ipsi,

277 1186 551 1266 qui'recesscrunt,
573 1177 686 1234 inimici
704 1184 787 1235 'suut
831 1175 919 1234 Sicut
942 1187 1053 1235 autem·
1068 1174 1191 1235 babent
1219 1178 1254 1237 in
1283 1177 1349 1261 bap·

275 1273 375 1344 tiemo,
389 1263 474 1347 quod
494 1283 551 1342 per
573 1281 623 1320 eos
646 1260 712 1321 dari
724 1261 838 1343 possit:
860 1262 948 1319 sicin
960 1259 1156 1335 ordinatione
1178 1263 1234 1342 jus
1253 1262 1347 1333 dandi,

275 1336 443 1431 utrumque
472 1344 595 1428 quidem
626 1342 662 1404 ad
694 1345 860 1426 perniciem
895 1365 996 1421 suam,
1025 1345 1174 1425 quamdiu
1201 1349 1350 1408 caritatem

101 1489 236 1530 sanarum·
277 1459 341 1498 non
363 1437 478 1496 babent
496 1431 629 1489 unitatis.
672 1428 733 1488 Sed
754 1440 852 1487 tamen
875 1427 958 1495 aliud
981 1439 1025 1487 est
1047 1449 1181 1509 prorsus
1214 1450 1281 1491 non
1302 1431 1350 1492 ha·

102 1523 363 1639 {l'ssssssflffill'bffl'
384 1519 468 1583 aliud
488 1516 661 1597 perniciose
679 1513 804 1590 babere,
825 1513 909 1573 aliud
929 1513 1097 1593 salubriter
1118 1513 1250 1575 babere.

361 1632 522 1714 tir-paulo
550 1656 641 1725 post:
683 1642 745 1704 Sed
777 1646 802 1704 si
825 1664 883 1704 nos
914 1641 1143 1705 malefacimus
1175 1646 1236 1728 ipsi
1258 1647 1348 1730 expli·

280 1729 537 1799 centurionum
558 1740 777 1791 sacramentum
797 1728 943 1811 baptizati
971 1747 1032 1786 non
1056 1729 1157 1808 possit
1183 1733 1280 1792 amitti
1287 1777 1298 1808 ,
1324 1744 1350 1793 et

280 1804 506 1870 Sacramentum
528 1813 664 1883 ordinati
692 1816 788 1895 possit
809 1816 922 1874 amitti:
950 1813 1095 1892 qnoniam
1119 1812 1249 1892 dicunt,
1271 1838 1353 1877 rece·

101 1874 358 1963 ffiffiffffidens
378 1888 418 1947 ab
441 1893 600 1972 Ecclesia,
621 1896 807 1977 baptismum
831 1919 893 1956 non
916 1898 1044 1972 amittit,
1068 1896 1119 1977 jus
1140 1897 1239 1959 dandi
1254 1913 1350 1964 minen
1383 1914 1385 1919 '

98 1971 409 2062 gpgggemffluamittit:
442 1977 488 2035 ¹Si
511 1980 589 2036 enim
620 1992 786 2061 utrumqne
806 1978 1025 2041 sacramentnm
1055 1996 1119 2056 est,
1146 1983 1231 2062 quod
1258 2002 1346 2044 nemo

282 2054 416 2133 dubitat,
436 2080 493 2118 cur
517 2061 595 2121 illud
614 2083 677 2121 non
697 2067 858 2142 amittitur,
878 2079 909 2126 et
927 2065 1007 2125 illud
1033 2064 1195 2126 amittitur?
1230 2066 1341 2126 Neutri

280 2157 467 2229 sacramento
483 2147 598 2226 injuria
622 2146 762 2223 facienda
777 2160 829 2209 est

362 2264 401 2325 2
433 2238 542 2313 'I'DEM
564 2253 751 2338 Augustinus
773 2256 804 2314 iu
828 2253 908 2315 libro
931 2254 1078 2317 debono
1098 2254 1254 2341 coniugali,
1269 2277 1333 2339 cap.

278 2342 329 2402 24·
341 2341 357 2396 τ’
376 2336 659 2417 ‘Quemadmodum
680 2343 706 2400 si
728 2336 782 2400 fiat
801 2339 955 2400 ordinatio
972 2341 1052 2400 ‘cleri
1073 2342 1114 2401 ad
1129 2340 1246 2425 plebem
1265 2360 1340 2401 con-

101 2451 256 2495 1n0ffiffl3,
280 2423 479 2506 gregandam,
503 2427 591 2485 etiam
624 2426 650 2485 si
683 2423 783 2508 plebis
814 2427 1013 2506 congregatio
1041 2447 1105 2485 non
1132 2424 1341 2507 subsequatur,

96 2504 269 2592 ssffiffiffl’
280 2520 380 2566 manet
401 2520 501 2568 tamen
522 2511 553 2568 in
574 2509 633 2569 illis
654 2510 800 2570 ordinatis
825 2521 1045 2568 sacramentum
1075 2511 1292 2571 ordinationis:
1316 2523 1345 2571 et
1371 2516 1374 2521 '

98 2599 260 2643 ordinationis.
280 2592 305 2649 si
328 2592 428 2673 aliqua
451 2593 540 2676 culpa
562 2597 723 2674 quisquam
745 2593 785 2654 ab
806 2593 909 2653 officio
931 2607 1141 2673 removeatur,
1164 2609 1344 2655 sacramento

172 2692 175 2697 ’
279 2676 404 2734 Domini
435 2679 527 2738 semel
550 2680 692 2761 imposito
719 2700 782 2740 non
814 2679 949 2755 carebit,
981 2681 1121 2761 quamvis
1143 2680 1184 2740 ad
1205 2683 1343 2764 judicium

253 2772 481 2851 perpaucae,
534 2842 538 2849 .
630 2842 636 2851 .
663 2840 678 2851 ..
835 2846 838 2853 .
960 2846 962 2851 .

96 2881 270 2942 sacramentnm
361 2879 404 2934 5..
432 2867 540 2927 IDEM
560 2864 616 2927 lib.
647 2868 732 2931 Lde
753 2869 906 2952 baptismo
930 2880 1038 2931 contra
1065 2870 1264 2949 Donatistas‚
1285 2892 1340 2954 cap

99 2932 269 3024 &illidit
282 2964 331 3019 l.:
353 2953 600 3019 ..Sacramentum
617 2951 760 3034 baptismi
783 2967 838 3030 ost,
862 2955 946 3035 quod
959 2954 1062 3030 babet,
1084 2959 1140 3036 qui
1170 2957 1338 3041 baptizatur.

98 3033 146 3120 „2⁰¹¹
162 3034 246 3125 m„
278 3038 323 3101 Et
342 3037 567 3099 Sacramentum
589 3037 680 3097 dandi
702 3038 845 3120 baptismi
870 3051 925 3114 cst,
947 3038 1033 3119 quod
1059 3037 1166 3115 babet,
1187 3046 1244 3124 qui
1265 3041 1337 3103 ordi·

97 3132 183 3218 {ff'ff‘
204 3138 245 3222 ³¹⁶}
280 3136 387 3183 natur..
402 3155 407 3171 =
422 3122 510 3203 Sicut
529 3133 627 3182 autem
639 3122 821 3204 baptizatus,
841 3123 867 3182 si
888 3123 927 3182 ab
948 3127 1066 3186 unitate
1094 3131 1278 3203 recesserit,
1298 3146 1338 3184 sa·

97 3193 468 3278 eilblillmf'eramentum
483 3206 626 3289 baptismi
648 3229 710 3282 non
729 3210 854 3267 amittit:
878 3211 921 3269 sic
945 3211 1031 3273 etiarn
1054 3208 1240 3288 ordinatus,
1262 3209 1336 3271 siah

278 3295 394 3353 unitate
412 3292 580 3366 recesserit,
604 3305 823 3352 sacramentum
852 3291 944 3351 dandi
965 3292 1108 3374 baptismi
1133 3314 1202 3354 non
1232 3296 1337 3356 amittit

276 3375 463 3441 Nullieuim
483 3388 672 3441 sacramento
701 3379 816 3458 injuria
844 3377 983 3436 facienda
1004 3388 1066 3437 est:
1093 3380 1121 3435 si
1157 3379 1336 3455 discedit,a

273 3461 358 3523 malis
388 3471 552 3538 utrumque
578 3461 725 3523 discedite
757 3458 783 3521 si
804 3473 987 3542 permanet,
1009 3482 1040 3523 ru
1066 3461 1154 3521 malis
1179 3480 1335 3544 utrumqne

272 3556 437 3631 permanet.
479 3542 564 3602 Sicut
587 3566 661 3626 ergo
684 3557 859 3628 acceptatur
876 3545 1055 3626 baptismus,
1087 3567 1185 3625 quem
1206 3571 1273 3610 uon
1288 3568 1336 3630 por

202 3687 206 3692 .
271 3633 334 3693 tuit
353 3630 509 3702 amittere,
542 3629 596 3707 qui
624 3629 664 3689 ab
690 3634 805 3690 unitate
820 3630 1032 3691 discesserat:
1068 3631 1112 3688 sic
1135 3632 1333 3716 acceptandus

272 3726 318 3775 est
336 3713 515 3795 baptismus,
535 3733 624 3792 quem
639 3713 727 3791 dedit¹
743 3713 809 3791 ille,
828 3717 882 3795 qui
901 3726 1121 3774 sacramentum
1143 3715 1255 3795 dandi,
1275 3734 1329 3777 cun

272 3796 451 3873 discederet,
474 3818 536 3857 non
557 3799 704 3863 amiserat.
723 3800 725 3804 ’
747 3799 824 3859 Nam
853 3802 932 3859 sicut
956 3799 1128 3874 redeuntes,
1158 3822 1219 3880 qur
1242 3804 1326 3884 prius·

297 3905 365 3943 nam
384 3881 569 3954 recederent,
589 3881 736 3963 baptizati
759 3898 849 3959 sunt,
873 3905 934 3945 non
955 3883 1213 3963 rebaptizanturr
1237 3890 1276 3949 ita
1289 3901 1328 3942 re·

273 3906 409 4043 llennte's,
428 3967 487 4046 ¹qui
501 3969 681 4048 priusquam
701 3967 887 4043 recederent,
920 3969 1055 4033 ordinati
1077 3980 1167 4044 sunt,
1192 3993 1261 4033 non
1279 3968 1331 4028 uti-

275 4048 456 4130 que'rursus
478 4050 753 4111 ordinatum-:sed
776 4064 830 4113 aut
849 4052 1068 4126 administrant,
1093 4052 1184 4130 quod
1208 4054 1336 4117 admini-

275 4133 422 4211 ¹strabant,
447 4133 473 4194 si
498 4133 560 4195 boc
583 4135 735 4196 Ecclesiae
758 4137 873 4196 utilitas
892 4136 1037 4216 postulat:
1059 4148 1113 4194 aut
1144 4140 1171 4197 si
1203 4161 1267 4201 non
1290 4135 1337 4201 ad·
1383 4142 1385 4151 '

275 4217 457 4297 minuunt,
471 4232 697 4307 ,sacamentum
714 4221 919 4285 ordinationis
943 4239 1015 4313 supe
1034 4233 1142 4289 2tameu
1164 4230 1338 4308 gerunt,et
1383 4292 1385 4303 Ι
