2790 4792
282 355 332 422 w
519 345 598 435 DE
639 345 1102 417 sucatumuuu

286 538 338 614 (ut
366 534 450 610 reor)
472 531 630 614 indignum
653 542 719 617 est,
740 534 766 593 si
789 532 830 592 ad
842 532 1165 613 divinuminstitntum
1183 551 1265 613 puer
1289 532 1356 593 ad··

287 616 428 693 ducitur,
450 627 586 675 sanctum
614 615 729 676 liabens
754 630 996 698 praeceptorem,
1029 618 1084 696 qui
1104 615 1149 675 illi
1176 618 1353 691 divinarum

287 724 389 769 rerum
405 701 545 761 habitum
556 699 672 774 tradat,
695 699 905 781 malorumque
923 713 1021 760 servet
1039 703 1211 760 immunem.

372 799 403 852 5.
446 783 701 844 AUGUSTlNUS
722 786 757 844 L.
778 785 803 842 I.
826 785 863 843 de
884 797 969 868 nupt.
992 796 1021 844 et
1043 791 1219 864 concupisc.
1242 799 1350 853 em:

117 894 240 938 ramas
256 873 326 936 aln
339 872 465 932 veritate
488 870 613 947 itaque,
635 889 697 928 noo
718 870 749 927 in
771 866 914 944 falsitate,
933 880 1064 952 potestas
1089 866 1242 928 diabolica
1262 866 1352 930 exor-

117 951 406 1037 t'fffmssssssffficiaatur
438 956 469 1012 in
496 951 648 1034 parvulis:
683 953 772 1033 eique
807 955 999 1028 renuntiant,
1027 954 1100 1032 quia
1130 973 1188 1032 per
1207 973 1264 1012 sua
1288 974 1349 1012 non

118 1044 187 1093 ‘³⁸³¹-
291 1050 439 1126 possunt,
460 1057 516 1120 per
542 1036 637 1096 corda
656 1048 688 1096 et
707 1055 763 1097 ora
780 1039 979 1118 gestantium,
1011 1047 1046 1095 ut
1063 1037 1140 1095 eruti
1160 1057 1178 1094 a
1198 1049 1350 1118 potestate
1389 1052 1391 1057 ’

291 1122 509 1194 tenebrarum,
531 1122 563 1179 in
582 1141 708 1204 regnum
733 1122 780 1178 sui
801 1120 916 1180 domini
931 1120 1159 1180 transferantur.

376 1219 406 1272 4.
447 1204 553 1263 IDEM
572 1205 606 1264 L.
629 1206 653 1263 1.
677 1204 714 1262 de
735 1216 850 1285 peceat.
873 1206 1008 1280 meritis,
1042 1215 1073 1262 et
1093 1204 1209 1262 remiss.
1244 1215 1348 1271 c.19.:

120 1301 238 1361 ravat·
261 1293 326 1353 ··si
358 1300 520 1373 propterea
553 1300 635 1348 reete
664 1285 769 1347 fideles
800 1302 964 1363 vocantur,
1005 1289 1146 1368 quoniam
1175 1285 1272 1347 fidem
1299 1306 1351 1369 per

119 1357 284 1451 ilssllt'iat.
294 1375 387 1437 verba
414 1373 593 1455 gestantium
614 1371 839 1454 quodammodo
866 1370 1076 1456 profitentur,
1110 1391 1165 1427 eur
1187 1393 1249 1430 non
1272 1374 1349 1453 prius

119 1449 385 1541 {ffgss‘ffifgetiam
419 1458 604 1539 poenitentes
617 1456 804 1531 ¹habentur,
835 1477 902 1515 cunr
924 1477 979 1539 per
1000 1454 1163 1525 eorundem
1188 1455 1282 1515 verba
1301 1475 1349 1537 ge-
1386 1532 1389 1541 Ι

116 1548 263 1588 “mum
295 1546 438 1605 stantium
472 1540 595 1600 diabolo
629 1553 659 1600 et
690 1539 763 1599 huic
784 1541 903 1600 saeculo
933 1541 1103 1599 renuntiare
1125 1536 1350 1599 monstrantur?

295 1631 408 1689 Totum
436 1624 497 1684 hoc
526 1626 557 1683 in
588 1645 642 1705 spe
674 1621 712 1683 fit
747 1626 777 1684 vi
811 1624 995 1684 sacramenti
1031 1634 1061 1683 et
1094 1622 1214 1682 divinae
1233 1625 1350 1706 gratiae,
1382 1692 1385 1697 Ι

296 1731 387 1794 qnam
407 1710 557 1767 Dominus
578 1708 703 1767 donavit
727 1707 890 1768 Ecclesiae.

133 1809 266 1870 :responsio
382 1806 411 1858 5.
453 1790 558 1850 ITEM
579 1792 615 1853 L.
637 1790 692 1853 IV.
714 1802 793 1849 cont
815 1793 927 1851 Donat.
949 1812 1013 1873 cap.
1035 1803 1106 1857 aa:
1130 1789 1212 1850 Cum
1232 1789 1286 1851 alii
1301 1807 1352 1871 pro
1376 1794 1379 1799 '

122 1861 275 1949 ssffiw
299 1874 469 1938 infantibus
489 1874 692 1954 respondent,
713 1885 747 1932 ut
769 1874 930 1957 impleatur
952 1897 1021 1958 erga
1045 1895 1096 1933 ecs
1121 1874 1288 1933 celebratio
1307 1894 1352 1933 sa-
1376 1882 1379 1887 '

121 1957 195 2001 '⁸¹⁸‘·
300 1960 463 2034 crementi,
484 1956 563 2017 valet
582 1959 689 2037 utiquc
710 1957 749 2016 ad
770 1978 877 2017 eurum
899 1960 1171 2033 consecrationem,
1207 1961 1281 2039 quia
1300 1954 1352 2038 ipsi

294 2040 484 2124 respondere
513 2061 576 2099 non
609 2052 745 2123 possunt.
795 2041 836 2100 At
869 2043 894 2101 si
922 2063 980 2124 pro
1002 2063 1058 2116 eo,
1096 2043 1151 2122 qni
1170 2041 1349 2124 respondere

296 2139 416 2211 potest,
438 2124 512 2184 alius
534 2125 736 2206 respondeat,
763 2146 825 2184 non
848 2126 953 2186 itidem
973 2126 1063 2189 valet.
1103 2126 1150 2184 Ex
1170 2148 1233 2207 qua
1255 2124 1348 2209 regul:

119 2211 376 2294 ‘Jonn.9,21.illud
410 2211 441 2267 in
473 2208 638 2290 Evangelio
660 2209 775 2267 dictum
797 2221 855 2286 est,
879 2209 965 2290 quod
988 2229 1108 2284 omnes,
1147 2210 1349 2293 contegitur,

299 2294 477 2356 naturaliter
501 2305 621 2352 moret:
643 2291 779 2352 Aetatem
800 2292 908 2369 habet,
941 2295 1005 2375 ipse
1026 2314 1086 2375 pro
1108 2313 1140 2351 se
1161 2293 1317 2375 loquatur.
1379 2328 1382 2337 ·

383 2392 409 2445 1.
435 2378 467 2437 C.
510 2376 742 2437 AMBROSIUS
772 2379 804 2435 in
837 2377 918 2436 libro
949 2380 987 2436 de
1015 2377 1084 2450 his,
1121 2378 1177 2457 qui
1210 2379 1351 2454 mysteriis

296 2464 477 2538 initiantur,
511 2481 575 2543 cap.
603 2475 650 2530 2:
692 2462 850 2545 Ingressus
879 2483 910 2522 es
932 2463 1170 2544 regenerationis
1191 2466 1351 2523 sacrarium

297 2558 371 2624 etc,
387 2558 430 2604 .ut
449 2547 480 2603 in
502 2557 593 2604 textu.

133 2656 287 2698 amma..
381 2642 410 2694 2.
455 2627 778 2689 CHRYSOSTOMUS
811 2628 891 2690 hom.
921 2642 970 2695 21·
1006 2628 1046 2689 ad
1067 2627 1171 2712 popul
1194 2614 1352 2690 Antioch:
1388 2680 1391 2695 ,

126 2708 281 2808 ξξξξῇζηζξξ·
302 2712 397 2773 Vocis
420 2709 499 2769 illius
521 2711 711 2788 recorderis,
735 2734 841 2793 quam,
864 2714 938 2773 dum
960 2715 1051 2773 sacris
1071 2715 1254 2789 initiareris,
1288 2716 1354 2773 emi·
1389 2750 1391 2759 ·

126 2803 245 2846 aunam.
302 2796 388 2855 sisti:
424 2792 615 2852 Abrenuntio
639 2795 696 2854 tibi
728 2796 853 2871 Satana,
893 2808 922 2856 et
947 2817 1076 2879 pompae
1096 2808 1182 2872 tuae,
1214 2810 1245 2857 et
1266 2798 1356 2875 cultui

301 2889 367 2940 tuo.
411 2876 500 2935 Circa
528 2880 756 2959 margaritarum
778 2882 855 2938 enim
877 2880 992 2939 cultum
1013 2883 1147 2955 insania,
1184 2893 1231 2941 est
1251 2902 1356 2965 pompa

301 2968 443 3021 satanica.
486 2957 605 3019 Aurum
626 2964 703 3020 enim
724 2964 851 3045 cepisti,
874 2984 936 3023 non
957 2977 993 3024 ut
1014 2986 1129 3047 corpus
1152 2966 1286 3040 vineias,
1308 2966 1355 3027 sed
1389 2986 1391 3035 j

300 3057 338 3106 ut
356 3065 504 3128 pauperes
527 3043 626 3104 solvas
648 3058 679 3105 et
699 3059 842 3108 enutrias.
885 3049 943 3107 Dic
964 3050 1058 3132 igitur
1079 3051 1236 3127 continue:
1259 3048 1357 3109 Abre-
1389 3058 1391 3131 j

299 3136 410 3191 nuntio
438 3128 495 3189 tibi
530 3127 649 3189 Satana.
698 3130 781 3190 Nihil
806 3130 863 3190 hac
895 3135 990 3192 tutius
1011 3154 1104 3211 voce,
1137 3134 1162 3193 si
1183 3133 1281 3214 ipsam
1303 3154 1354 3217 per
1389 3154 1391 3165 ·

301 3229 398 3296 opera
430 3211 635 3273 exhibeamus:
671 3212 751 3274 hanc
773 3227 807 3274 et·
823 3235 898 3290 vos,
921 3218 1078 3292 initiandi,
1101 3216 1218 3277 discere
1239 3239 1353 3279 censeo.

298 3295 342 3356 Et
363 3296 420 3357 sub
441 3293 547 3356 finem:
582 3297 670 3357 Sicut
689 3301 752 3358 sine
774 3298 980 3360 calceamentis
1002 3301 1049 3360 vel
1070 3303 1270 3377 vestimentis,
1292 3324 1355 3363 ves-

298 3382 383 3440 trum
411 3401 500 3440 nemo
534 3383 565 3440 in
597 3382 701 3447 sorum
732 3381 914 3444 descendere
940 3386 1081 3468 eligeret:
1115 3387 1155 3445 ita
1176 3387 1241 3447 sine
1263 3385 1353 3447 verbo

299 3458 363 3538 hoe
387 3485 543 3544 nunquam
564 3467 594 3524 in
616 3466 719 3525 forum
739 3467 887 3549 prodeas,
919 3470 973 3531 sed
995 3491 1063 3529 cum
1084 3489 1114 3528 es
1134 3472 1247 3550 januae
1268 3472 1378 3531 vesti-'

299 3540 376 3607 bula
395 3560 651 3631 transgressurus,
680 3548 740 3611 hoc
765 3553 851 3633 prius
883 3553 1009 3634 loquere
1029 3553 1174 3614 verbum:
1196 3553 1357 3615 obrenun-

299 3629 345 3687 tio
379 3631 438 3691 tibi
470 3631 600 3707 Satana,
632 3644 661 3692 et
688 3637 862 3719 conjungor
890 3637 949 3697 tihi
984 3636 1112 3697 Christe.
1158 3636 1204 3696 Ne
1227 3658 1355 3719 unquam

299 3709 417 3790 absque
438 3712 496 3773 hac
517 3737 591 3775 voce
614 3736 717 3778 exeas:
738 3718 813 3779 haec
835 3723 894 3780 erit
913 3720 971 3778 tibi
993 3719 1140 3795 baculus,
1161 3719 1236 3781 haec
1260 3743 1356 3782 arma·
1389 3754 1391 3765 ·

300 3803 388 3871 tura,
421 3794 496 3857 haee
516 3801 608 3859 turris
630 3801 880 3887 inexpugnabilis.
932 3805 1008 3863 Cum
1029 3806 1091 3865 hoc
1111 3804 1207 3864 verbu
1230 3818 1262 3866 et
1284 3826 1354 3865 cru-

300 3894 365 3936 cem
384 3880 416 3940 in
436 3880 538 3942 fronte
558 3884 715 3967 imprime:
744 3890 789 3947 sic
810 3889 889 3947 enim
908 3909 971 3947 non
991 3901 1109 3949 tantum
1130 3888 1225 3950 homo
1245 3909 1372 3950 oceum-

298 3973 369 4020 rens
380 4005 390 4040 ,
411 3985 517 4025 verum
538 3988 593 4027 nec
615 3971 678 4051 ipse
700 3968 839 4033 diabolus
861 3983 891 4030 te
912 3971 1078 4054 quidquam
1100 3971 1220 4034 laedere
1232 3974 1356 4057 potuit,

296 4064 366 4105 eum
384 4045 433 4107 his
452 4061 483 4109 te
505 4070 629 4110 cernens
651 4056 740 4113 armis
762 4054 880 4134 ubique
900 4070 1104 4137 apparentem.

95 4145 275 4237 ganne.
377 4143 408 4199 3.
450 4132 681 4195 auuaosrus
714 4139 747 4197 a.
769 4139 793 4197 1.
826 4140 864 4196 aa
886 4138 1018 4201 san-ass
1040 4164 1065 4202 c.
1087 4157 1132 4209 2.
1168 4102 1355 4216 Quanaosta,

141 4208 166 4246 ⁰'
184 4210 244 4254 ‘¹⁸¹⁸‘
256 4205 395 4275 “Levita
415 4214 629 4300 interrogarit:
657 4218 863 4285 Abrenuntias
885 4222 1009 4313 diabolo
1029 4239 1060 4288 et
1084 4225 1231 4310 operibus
1260 4224 1355 4309 ejus?

50 2852 55 2860 '
85 2850 102 2891 θ
