2782 4786
244 259 407 409 'aaa
521 332 601 395 uu
645 302 1125 411 §acerrumo

275 515 364 589 chor,
385 507 519 577 extendit
542 510 749 591 qumauum
781 509 821 575 ad
850 528 950 573 arcam
972 491 1038 572 Dei
1052 510 1074 588 ,’
1100 521 1140 572 et
1172 510 1345 574 tenuitenu:

276 625 418 706 quoniam
444 621 644 712 calcitrabant
662 618 768 698 boves,
791 631 822 680 ct
853 619 1100 693 declinaverunt
1136 639 1225 678 eam.
1245 619 1342 681 ‘lutur-

275 742 413 814 queest
445 728 656 812 indiguauoue
686 727 837 789 Dominus
871 737 981 785 contra
1019 722 1159 803 Onam,
1195 737 1230 787 et
1256 748 1334 810 penu·

275 837 316 896 sit
337 853 406 895 eum
435 852 529 920 super
555 835 744 922 temeritatet
779 835 834 916 qui
856 832 998 913 mortuus
1036 841 1097 894 est
1132 829 1187 894 ihi
1219 834 1291 916 juxta
1304 854 1333 894 tn

274 1187 401 1270 (Ozias),
426 1171 573 1248 elevatum
592 1196 649 1248 est<
666 1189 721 1249 co'r
745 1186 811 1269 ejus
838 1188 869 1245 in
895 1180 1071 1244 interitum
1095 1207 1217 1264 suum,
1251 1199 1276 1248 et
1305 1207 1337 1246 ne·

271 1295 362 1378 glexit
384 1295 552 1355 Dominum
582 1295 682 1357 Deum
710 1315 814 1355 suum:
844 1295 1076 1375 ingressusque
1112 1264 1269 1379 templirm
1296 1295 1337 1354 Da·

182 1424 184 1429 ·
267 1401 351 1476 nuni,
372 1390 497 1461 adolere
518 1400 616 1464 voluit
636 1405 792 1464 incensum
810 1421 901 1483 super
923 1398 1028 1459 altare
1051 1397 1282 1476 thymiamate
1300 1413 1337 1460 su·

267 1508 381 1589 timqne
401 1509 552 1597 ingressus
577 1522 651 1593 post
673 1530 741 1571 eum
759 1507 890 1573 azariae
903 1499 1074 1584 sacerdos,
1101 1521 1137 1569 et
1160 1505 1232 1570 cum
1259 1529 1292 1569 eo
1308 1528 1337 1568 u·

267 1615 409 1677 cerdotes
430 1616 555 1677 Domini
577 1620 754 1702 octogiuta,
776 1616 836 1674 viri
857 1613 1043 1692 fortissimi,
1069 1619 1260 1695 restiterant
1283 1617 1333 1701 oea'

266 1721 481 1787 et'dixeruntt
523 1724 593 1786 Non
616 1736 662 1786 est
686 1725 733 1785 tui
761 1721 866 1797 officii,
897 1721 983 1798 Oria,
1016 1734 1055 1782 ut
1096 1724 1227 1785 adoleas
1248 1727 1333 1786 incer·

265 1849 333 1890 surn
356 1830 511 1921 Dominqr
538 1830 591 1891 sed
623 1831 834 1905 sacerdotum,
869 1825 932 1889 hoc
958 1839 1027 1907 est,
1055 1827 1203 1892 filiorum
1238 1831 1333 1910 Aaron,

264 1937 319 2015 qui
338 1940 506 2019 consecrati
527 1947 599 1997 sunt
623 1938 663 1997 ad
676 1937 855 2020 hujusmodi
879 1938 1105 1999 ministerium:
1141 1931 1287 2023 egredere
1307 1941 1334 2002 de

261 2043 447 2119 sanctuari0‚
468 2062 514 2103 ne·
536 2043 753 2126 contempserit
763 2065 778 2106 ι·
803 2046 874 2125 quia
901 2058 978 2105 uon·
1000 2046 1197 2128 reputabitur
1222 2048 1283 2106 tibi
1305 2051 1334 2108 ia

261 2146 389 2232 gloriam
409 2146 471 2210 hoc
491 2166 510 2210 a
533 2150 669 2209 DomIno
695 2149 772 2208 Deo.
814 2148 985 2234 iratusque·
1002 2151 1091 2228 orias,
1115 2163 1146 2212 et
1165 2164 1274 2211 tenens
1294 2157 1327 2215 in
1363 2184 1365 2225 ι

274 963 341 1003 cam
357 940 425 1003 Dei.
1227 1030 1233 1039 ι

284 1070 288 1075 ’
357 1078 537 1141 Secundi
557 1056 767 1165 I‘araili'po.
793 1071 932 1140 ΧΧἮ.ἰ
976 1075 1068 1137 Cum
1090 1052 1336 1140 roboratnsesat

259 2278 353 2318 manu
371 2256 575 2334 thuribulum,
590 2268 624 2318 ut
641 2255 777 2319 adoleret
807 2257 974 2338 incensum,
998 2257 1162 2320 minabatur
1180 2259 1322 2320 sacerdo·
1363 2298 1365 2317 .

259 2472 396 2550 dotibus,
414 2476 445 2533 in
463 2473 557 2534 domo
584 2473 711 2535 Domini
732 2492 826 2556 super
856 2471 953 2537 altare
980 2475 1191 2553 thymiamatis.
1236 2474 1327 2535 Cum-

259 2600 322 2660 que
342 2582 522 2663 respexisset
543 2601 612 2644 eum
631 2578 762 2660 ‹Auarias
786 2580 943 2669 Ροιιιίΐιιι,ι
966 2595 1009 2663 et⁴
1022 2603 1128 2645 omnes
1149 2580 1264 2663 reliqui
1284 2603 1327 2643 sa-

259 2684 407 2762 cerdotes,
432 2686 718 2770 videruntlepram
731 2690 773 2765 in
792 2688 893 2751 fronte
919 2683 995 2772 ejus,
1019 2701 1049 2751 et
1073 2690 1215 2753 festinato
1240 2711 1327 2775 erpu-

212 2867 214 2870 Α
258 2790 363 2867 lerunt
379 2813 457 2852 eum.
500 2792 560 2853 Sed
583 2805 614 2855 et
643 2794 707 2878 ipse
735 2790 920 2884 perterritus
940 2795 1122 2859 acceleravit
1145 2798 1271 2882 egredi,
1294 2817 1323 2860 eo

258 2898 344 2982 quod
365 2899 610 2985 sequissetjllico
630 2900 750 2987 plagam
772 2904 908 2967 Domini.
939 2903 1025 2989 Fuit
1051 2905 1149 2987 igitur
1173 2906 1259 2968 Ozias
1281 2925 1322 2967 rex

256 3006 404 3090 leprosus¹
435 3027 532 3090 usque
552 3007 593 3071 ad
612 3007 693 3083 diem
714 3013 823 3072 mortis
845 3031 928 3087 suae,
952 3021 983 3071 et
1002 3008 1163 3073 habitavit
1184 3017 1218 3075 in
1238 3014 1317 3076 domu

255 3126 392 3198 separatu
413 3113 524 3198 plenus
549 3114 661 3202 lepra,
694 3118 738 3181 ob
775 3140 867 3202 quam
895 3119 1011 3202 ejectus
1036 3119 1148 3183 luerat
1182 3123 1222 3185 de
1243 3123 1318 3184 dome

254 3220 389 3283 Domini.

335 3351 477 3411 Ierem.
497 3351 636 3430 xxm„
658 3363 696 3414 ut
719 3352 752 3413 in
770 3363 876 3415 textu:
917 3354 961 3417 Et
978 3376 1061 3439 cap.
1083 3356 1202 3420 XIv.=
1242 3354 1319 3419 Falso

252 3456 424 3545 prophetae
445 3459 649 3519 vaticinantur
674 3459 858 3522 innomine
877 3481 967 3524 meur
999 3485 1065 3524 uon
1096 3466 1174 3526 misi
1206 3485 1272 3541 eos,
1296 3473 1321 3524 et

251 3566 479 3650 nonpraecepi
496 3567 548 3641 eis,
575 3565 815 3648 nequealocutus
833 3589 901 3630 sum
927 3569 968 3631 ad
980 3591 1052 3645 cose
1076 3573 1233 3634 visionem
1242 3573 1320 3633 'nce-

252 3674 368 3750 dacem,
392 3685 424 3734 et
444 3672 657 3734 divinationem
677 3673 915 3754 fraudulentam,
944 3688 978 3738 et
1011 3677 1234 3744 seductionem
1257 3697 1319 3740 cor·

252 3779 299 3840 dis
322 3783 370 3840 sui
386 3780 574 3865 prophetant
583 3781 681 3842 vobit.
722 3782 854 3843 Rursum
878 3804 945 3869 cap.
969 3785 1127 3848 XXVII.=
1176 3781 1311 3852 Nonnisi

251 3909 322 3951 eost
344 3901 375 3950 et
392 3890 452 3971 ipsi
476 3888 666 3973 prophetant
686 3888 721 3950 iu
738 3893 863 3952 nomine
878 3913 946 3953 meo
957 3891 1181 3958 mendaciter:
1217 3908 1253 3956 ut
1269 3889 1319 3973 eii·

252 3999 333 4057 ciant
352 4016 418 4073 vos,
440 4009 471 4057 et
492 3997 622 4083 pereatis
641 4008 704 4058 tam
727 4016 782 4058 vos
814 4007 909 4081 quam'
928 3997 1111 4091 prophetae,
1141 4005 1200 4086 qni
1225 3999 1320 4063 vatici·

200 4109 203 4114 ’
247 4114 358 4164 uantur
377 4103 495 4182 vobIs.>
518 4105 595 4165 Item
613 4105 714 4186 capite
733 4107 877 4190 vigesimo
893 4125 994 4166 nono:
1036 4105 1135 4169 Falso
1149 4112 1228 4195 ipsi
1256 4126 1321 4193 pro·

247 4206 377 4295 phetant
395 4209 484 4279 aubia
496 4209 665 4302 innomine
682 4232 765 4294 mco,
786 4223 818 4276 et
838 4214 983 4279 uoumiai
995 4232 1058 4294 eos,
1070 4212 1153 4280 dicit
1162 4217 1316 4282 Domiuus

258 2365 361 2426 tibust-
395 2365 567 2449 Statimque
586 2376 655 2428 orta
681 2363 832 2448 nst-lepra
850 2364 883 2425 iu
904 2366 1088 2448 fronte'ejus
1107 2379 1208 2427 coram
1227 2385 1326 2427 sacer·
