2790 4792
444 304 755 391 sonorus-s
1049 319 1128 399 293

56 502 111 577 eis,
135 521 202 584 cap.
225 512 291 568 11.:
332 497 495 577 Lectorum
519 489 609 553 Ordo
638 491 775 568 formam,
789 502 822 551 et
851 492 970 573 initium
1005 493 1263 568 ePrornsernss'

55 583 159 669 phetis
179 584 308 664 accepit.
348 579 427 639 Sunt
447 575 586 653 lectores,
617 578 672 656 qui
693 573 821 635 verbum
848 575 907 635 Dei
939 578 1127 660 praedicant,

57 669 323 749 quibusdicitur:
346 663 462 736 Clamas,
488 680 664 742 necesses:
690 659 776 743 quasi
799 657 878 736 ¹tuba
901 661 997 721 exalta
1021 683 1301 738 vocemnsataesm.

56 763 154 813 tuam.
195 752 384 830 Isti-qnippe
404 746 477 807 dum
500 742 692 820 ordinantur,
715 743 847 826 primum
866 742 904 802 de
920 764 1127 819 eorumcon-
1201 744 1204 751 ’

58 837 230 897 versatione
256 833 427 916 Episcopus
457 828 585 886 verbum
617 827 692 891 facit
713 827 751 887 ad
787 825 943 907 populum.
985 829 1128 913 Denique

61 939 165 981 coram
193 917 281 1001 plebe
310 917 406 978 tradit
433 913 475 972 eis
498 910 635 970 codicem
657 913 777 993 apicum
810 909 982 971 dlvinorum
1010 914 1049 973 ad
1069 916 1129 977 Dei
1201 956 1204 965 ι
1287 964 1290 975 .

60 1004 187 1064 verbum
206 998 467 1075 annuntiandum
502 994 565 1068 Qui
587 1008 687 1055 autem
708 996 748 1057 ad
763 994 943 1075 hujusmodi
964 1014 1130 1076 promove-

61 1084 276 1170 surgendum,
299 1087 354 1143 iste
378 1076 599 1159 eritdoctrina
621 1090 651 1138 et
672 1078 766 1139 libris.
785 1078 941 1149 imbutus,
973 1098 1131 1157 sensuum?

59 1191 122 1251 que
143 1192 177 1231 ac
201 1170 369 1229 verborum
390 1164 514 1222 scientia
538 1174 674 1239 ornatus,
697 1165 738 1223 ita
762 1176 798 1222 ut
826 1166 857 1222 in
880 1163 1130 1225 distinctionibus

59 1246 276 1316 sententiarum
298 1247 456 1329 intelligat,¹
479 1245 532 1317 ubi
553 1243 676 1309 finiatur
688 1249 844 1328 junctura,
863 1245 919 1305 ubi
939 1245 1041 1315 adhuc
1055 1269 1135 1331 pen·

57 1338 129 1400 deat
151 1341 265 1409 oratio,
289 1333 344 1393 nbi
363 1332 509 1393 sententia
534 1344 661 1391 extrema
683 1330 847 1397 claudatur
867 1343 923 1390 etc.
1020 1387 1021 1391 ,

142 1418 293 1485 ΙΒΙΒΕΜ
315 1436 380 1497 cap.
407 1427 475 1484 ωε
517 1415 553 1475 In
576 1416 675 1497 primo
697 1415 807 1474 ordine
830 1417 861 1475 et
880 1415 1133 1480 ministerquc-

58 1505 169 1570 clesiae
193 1522 257 1567 esse
280 1500 451 1559 Exercistas
467 1499 635 1559 secundum
655 1497 764 1575 officia,
787 1520 864 1579 qnae
882 1520 913 1558 rn
941 1499 1054 1581 templo
1073 1500 1297 1573 Senotensis„

57 1590 192 1653 lomonis
220 1593 305 1645 erant
323 1583 486 1666 disposita,
508 1603 648 1663 quaeque
679 1585 830 1665 posterius
863 1595 934 1642 sunt
959 1583 999 1643 ab
1032 1584 1131 1645 Esdra

60 1673 232 1753 dispartita,
254 1668 434 1729 invenimus:
467 1687 579 1746 eosque
602 1687 679 1748 quos
701 1667 814 1731 Esdras
842 1680 960 1728 actores
982 1675 1303 1730 memorem-Eunoen

58 1753 179 1835 templi,
203 1773 283 1811 nunc
306 1771 368 1810 esse
390 1751 562 1810 Exercistas
593 1751 625 1809 in
648 1750 786 1811 Ecclesia
808 1752 865 1810 Dei
898 1763 955 1811 etc.
996 1753 1043 1817 Hi,
1061 1773 1131 1823 cnm

60 1839 255 1914 ordinantur,
276 1836 357 1895 sicut
373 1836 416 1894 ait
436 1835 735 1917 Canon,1accipiunt
755 1834 793 1895 de
814 1856 904 1903 manu
925 1835 1070 1919 Episcopi
1091 1837 1305 1900 list-⁰⁸²¹beu·

57 1921 184 1996 bellum,
206 1923 237 1980 in
258 1941 320 2001 quo
341 1921 534 2000 scriptisunt
557 1921 725 1995 exorcismi,
745 1919 926 2001 accipientes
950 1933 1130 2002 potestatem
1140 1893 1159 1932 τ’

58 2005 235 2089 imponendi
256 2024 360 2063 manus
374 2023 465 2085 snper
485 2022 711 2085 energumenos,
734 2003 796 2063 sive
808 2004 976 2087 baptizatos
996 2006 1059 2066 sive
1079 2028 1132 2070 ca-

57 2089 268 2170 techumenos.
645 2087 659 2149 ⁶.
712 2136 715 2141 >
747 2146 774 2163 „
1057 2147 1061 2153 .

145 2172 247 2232 ITEM
266 2179 417 2252 eap.14..·
449 2169 576 2239 Ostiarii
598 2180 680 2245 sunt,
703 2169 757 2250 qui
780 2170 812 2228 in
833 2174 927 2230 veteri
950 2184 1130 2236 testamento
1141 2174 1246 2222 ⁰⁸2⁵&

60 2259 207 2340 janitores
221 2255 331 2338 templi
346 2250 542 2330 vocabantur,
568 2256 622 2333 qui
639 2264 800 2335 praeerant
819 2247 918 2333 portis¹
939 2256 1043 2336 templi
1056 2258 1236 2333 Hie·‘,‚p„,1‚
1247 2303 1294 2344 ,M

63 2341 204 2417 rusalem,
222 2343 338 2423 quique
358 2337 491 2398 ordinati
512 2357 568 2417 per
589 2338 668 2395 vices
686 2355 754 2393 suas
771 2338 870 2395 omnia
889 2339 1032 2397 interiora
1052 2326 1309 2397 tem.2.1²arn.s,1s'.

98 2427 104 2440 '
127 2425 175 2485 vel
196 2425 346 2485 exteriora
367 2418 590 2482 custodiebant.
633 2418 673 2476 Hi
696 2416 829 2496 denique
843 2419 922 2476 inter
938 2432 1075 2480 sanctum
1100 2395 1201 2483 πω
1282 2451 1285 2455 ·

61 2511 202 2591 iniquum
223 2509 437 2579 discernentes,
460 2522 514 2561 eos
536 2512 654 2558 tantum
679 2501 710 2557 in
724 2499 869 2576 Ecclesia,
893 2503 945 2582 qui
965 2516 1035 2569 sunt
1051 2504 1132 2567 fide.

61 2593 116 2672 les,
137 2595 200 2655 reci
224 2604 299 2653 runt.
342 2590 464 2649 Intrare
484 2584 562 2644 enim
585 2580 731 2664 templum
747 2583 805 2642 nisi
827 2605 882 2667 per
905 2606 1037 2649 eosnon
1056 2611 1133 2674 pos-

61 2698 183 2755 sumus:
202 2614 322 2735 babent
341 2672 421 2730 enim
443 2669 476 2727 in
491 2677 641 2751 potestate
657 2677 719 2727 tam
730 2666 829 2749 bonos
848 2672 1028 2754 reeipiendi,
1042 2696 1133 2756 quam
1214 2692 1219 2709 ¹

61 2757 224 2844 rejiciendi
241 2756 390 2836 indignos.
715 2814 718 2819 ,
1069 2814 1072 2819 ⁴

61 2844 64 2849 '
148 2840 257 2902 IDEM
278 2841 312 2898 L.
335 2850 352 2904 t
367 2823 641 2920 Etymitogiarum,
663 2856 728 2920 cap.
754 2848 819 2909 aea
860 2837 984 2916 Aeolyti
1009 2844 1202 2928 Graece,Aeol
1218 2887 1235 2928 ,.

63 2928 173 2993 Latine
203 2922 379 2983 ceroferarii
397 2921 573 2997 ¹dicuntur,
599 2943 617 2982 a
639 2920 838 3003 deportandis
867 2928 983 3002 cereis,
1010 2928 1133 3008 quando
1202 2901 1244 2940 μ’

63 3007 224 3091 legendum
250 3017 294 3065 est
323 3025 395 3066 evan
419 3004 508 3085 elium
529 3018 582 3066 aut
602 3003 786 3067 sacrificium
806 3005 1005 3070 offerendum.
1047 3013 1133 3079 Tunc

66 3095 148 3160 enim
169 3091 377 3151 accenduntur
399 3027 566 3151 luminaria
593 3089 633 3151 ab
655 3091 697 3163 eis
717 3104 748 3151 et
769 3090 985 3173 deportantur,
1007 3115 1069 3156 non
1092 3096 1133 3155 ad

66 3176 242 3259 effugandas
263 3175 411 3251 tenebras,
434 3174 508 3235 dum
528 3173 573 3234 sol
588 3195 625 3236 eo
644 3187 783 3257 tempore
808 3175 922 3253 rutilet,
946 3178 999 3238 sed
1020 3180 1134 3262 adsig-
1203 3242 1207 3247 ,

64 3282 140 3333 num
159 3261 288 3320 laetitiae
314 3257 589 3335 demonstrandum,
615 3270 650 3318 ut
673 3258 731 3319 sub
755 3270 831 3340 typo
845 3259 965 3321 luminis
984 3284 1134 3347 corpora-

64 3347 114 3423 lis,
137 3345 187 3404 illa
208 3344 259 3405 lux
282 3344 476 3420 ostendatur,
506 3342 543 3403 de
566 3362 627 3423 qua
647 3345 678 3405 in
706 3343 861 3425 evangelio
892 3344 1016 3429 legitur}
1059 3350 1135 3410 Erat

63 3431 118 3494 lux
139 3450 218 3574 pera,
241 3449 319 3510 quae
332 3427 480 3502 illuminat
506 3428 623 3488 omnem
640 3426 795 3490 bominem
815 3430 983 3493 venientem
1002 3434 1036 3492 in
1052 3433 1211 3503 hunorum.
1222 3469 1269 3513 ns.

63 3536 139 3581 mun
163 3534 224 3573 um.
433 3566 436 3571 ,
517 3562 520 3567 .
572 3572 574 3577 ,
791 3576 796 3585 ,
1341 3525 1344 3529 ’

150 3609 181 3665 5¹.
223 3593 549 3676 RABANUSMaurus
562 3594 820 3702 Archiepiscopus
841 3598 1040 3681 Mogontinns
1052 3598 1093 3659 'L
1115 3613 1130 3668 1

66 3683 107 3747 de
126 3683 319 3743 institutione
342 3680 531 3742 Clericorum
553 3701 617 3763 cap.
638 3693 673 3748 9:
707 3679 840 3762 danaum
862 3684 998 3759 Graece,
1028 3686 1248 3748 Latinerolytt·

66 3755 245 3845 ceroferarii
282 3764 427 3826 dicuntur
450 3764 804 3846 adeportandiszcereis
832 3778 888 3826 etc.
917 3779 952 3827 ut
977 3768 1133 3830 Isidorus:

68 3854 212 3929 Quorum
233 3861 338 3932 typum
357 3848 570 3931 praeferebant
594 3847 656 3923 illi,
694 3851 750 3931 gni
775 3851 900 3911 Domini
931 3852 1073 3913 mandato
1102 3856 1158 3915 in

67 3935 268 4011 tabernaculo
300 3933 439 3997 lucernas
466 3931 606 4015 quotidie
631 3933 840 3995 accendebant
870 3954 965 4017 super
990 3937 1132 4001 candela·
1145 3943 1218 3991 teve.
1238 3958 1271 3998 na.
1286 3961 1305 3998 s.

68 4018 159 4093 brom
176 4020 299 4102 positas.
692 4078 695 4085 ,
1144 4005 1179 4048 ‘¹¹‘

153 4102 261 4163 IDEM
281 4122 345 4184 cap.
368 4112 423 4168 40:
445 4100 581 4181 ίξοςκίςαι,
614 4120 652 4183 ⁸¹,
671 4099 845 4181 Graeco-in
869 4103 1029 4184 Latinum,
1062 4103 1131 4168 Ad-

64 4190 206 4276 jas-antes
226 4204 281 4249 seo
294 4187 483 4272 increpantes
502 4185 853 4275 vocantur2„‚·lnvsqent
871 4209 962 4278 snper
982 4190 1285 4267 unctu-sassa..
