2782 4786
278 305 363 382 ,ιω
543 295 626 391 nn
663 289 1133 379 saeuiunuro

105 487 318 550 missatatio
338 484 460 571 spiritu,
480 482 509 548 ai
523 493 624 547 temen
642 480 770 567 spiritus
793 479 854 543 Dei
874 474 996 544 habitat
1026 478 1059 540 iu
1079 475 1205 563 uobis.
1248 474 1286 551 Et
1308 477 1355 543 nbi
1379 532 1383 545 .

59 574 61 581 ’
107 549 277 649 itli't‘tl'lft„
287 572 411 656 poterit,
434 569 493 631 nisi
512 567 545 631 iu
561 566 748 652 corporibus
765 566 860 646 (sicut
880 563 907 627 le
928 566 1017 641 imus)
1039 563 1177 639 sanctis,
1200 561 1255 621 Dei
1270 565 1354 646 spiti-
1378 548 1383 669 l

38 714 41 723 .
107 659 266 746 {}'„;,2‚„
286 669 337 718 tus
358 652 518 716 habitare?
560 652 603 713 Et
623 654 695 735 quia
717 648 876 735 aliquanti,
903 587 941 712 de
972 648 1087 732 quibus
1104 698 1108 707 .
1128 646 1297 728 loquimur,
1312 660 1348 711 nt

112 744 133 785 Ε
150 744 245 803 {⁸⁶0r0·
288 752 342 803 tua
363 740 506 801 sauctitas
522 735 639 814 retulit,
659 736 857 820 ignoratione
875 745 931 795 etc.
972 731 1054 795 Vide
1077 731 1226 791 eundem
1246 732 1340 817 inepis-

109 805 222 900 oriiil'o
231 806 278 903 loa
287 823 350 885 tola
380 836 400 892 t
430 820 470 885 ad
502 821 675 905 Eiscopos
710 819 858 895 Africae,
891 839 956 902 cap.
990 829 1032 885 oz
1075 814 1255 877 Praeterea
1282 817 1343 900 qual

109 897 259 981 iiiiiififflm
289 909 414 992 dignum
431 918 461 968 et
480 843 629 990 pudicum
649 914 680 967 et
700 902 868 965 honestum
891 914 946 978 cst,
963 899 1144 978 suademus,
1167 913 1204 962 nt
1228 901 1346 964 sacerdo·

108 987 277 1081 fffigfv‘ffiffi·
287 1004 342 1068 tes,
368 1004 398 1052 et
418 992 541 1052 Levitae
573 1011 643 1051 cum
665 986 814 1062 uxoribus
841 987 904 1047 suis
924 1006 988 1048 non
1007 996 1133 1062 coeant,
1155 987 1232 1068 quia
1256 988 1287 1049 in
1305 988 1347 1049 ni·

107 1086 253 1145 acomm-
287 1078 415 1137 nisterio
451 1075 554 1137 divino
582 1073 768 1158 quotidianis
800 1069 1032 1133 necessitatibus
1058 1083 1270 1155 occupantur.
1311 1069 1345 1134 ll

106 1133 278 1227 libili&
289 1159 465 1222 Corinthios
495 1180 626 1243 namque
652 1159 698 1219 sic
725 1156 841 1221 Paulus
869 1154 994 1232 scribit,
1020 1153 1159 1217 dicensz
1205 1153 1347 1219 Abstiuea

107 1234 354 1334 35:32⁰,lgnvos
374 1257 410 1307 ut
429 1245 539 1307 vacetis
563 1243 706 1306 orationi.
748 1240 782 1304 si
803 1261 874 1325 ergo
906 1239 991 1302 laicis
1023 1238 1213 1301 abstinentia
1231 1242 1348 1324 impera-

20 1334 28 1359 ⁴
107 1330 231 1421 ‘mi-ce
247 1333 348 1409 tdtur,
369 1340 407 1392 ut
426 1331 548 1414 possint
570 1329 769 1414 deprecantes
796 1326 907 1402 audiri,
938 1337 1056 1408 quanto
1092 1327 1194 1408 magis
1220 1325 1348 1388 sacerdot

107 1395 396 1499 numidiae-ntique
418 1416 501 1477 omni
521 1424 676 1477 momento
703 1424 828 1497 paratus
855 1430 919 1472 esse
945 1407 1056 1487 debet,
1083 1408 1256 1471 munditiae
1275 1411 1349 1494 puri·

108 1488 166 1523 ⁸⁸¹*
284 1510 348 1562 tate
371 1519 507 1577 securus,
523 1520 562 1560 ne
579 1510 632 1560 aut
648 1494 832 1559 sacrificium
855 1493 975 1572 offerat,
1000 1505 1056 1561 ant
1084 1493 1245 1578 baptizare
1267 1515 1347 1579 coga-

284 1583 358 1647 turi
401 1584 465 1664 Qui
485 1586 512 1645 si
533 1583 757 1645 contaminatus
782 1593 830 1643 est
855 1577 968 1640 carnali
991 1581 1264 1663 concupiscentia,
1283 1579 1345 1662 quil

283 1666 398 1729 faciet?
440 1667 625 1730 Excusabiti
675 1668 749 1744 Quo
781 1664 922 1749 pudore,
953 1683 1014 1745 qna
1046 1674 1149 1726 mente
1180 1662 1345 1749 usurpabit?

285 1751 356 1830 Qua
376 1755 582 1830 conscientia,
607 1774 671 1837 quo
697 1752 806 1813 merito
829 1748 882 1810 hic
905 1746 1043 1829 exaudiri
1066 1771 1099 1810 se
1121 1749 1242 1827 credit,
1265 1769 1346 1832 quuu

108 1856 157 1900 rra.
177 1868 197 1913 ς,
217 1867 251 1909 a.
285 1837 404 1898 dictum
425 1839 486 1900 sit:
529 1838 639 1901 Omnia
658 1835 773 1898 munda
801 1831 933 1910 mundis,
957 1835 1165 1916 coinquinatis
1195 1847 1296 1897 eutem
1321 1844 1347 1894 et
1382 1900 1384 1919 =

285 1918 463 1981 infidelibus
484 1921 563 1983 nihil
584 1921 741 1983 muudum.
784 1919 853 1995 Qua
875 1915 913 1978 de
939 1937 973 1977 re
991 1916 1113 2016 bertot,
1131 1940 1251 1995 moneo,
1269 1938 1350 2001 rogo,
1380 1956 1384 1969 ·

107 2028 154 2071 rie,
166 2037 220 2078 Μ
285 2000 415 2062 tollatur
434 2002 497 2064 boc
513 2007 735 2086 opproprium,
756 2001 842 2084 quod
855 2066 857 2071 ,
870 2011 975 2084 potest
996 2022 1068 2082 Jure
1087 2005 1176 2064 etiam
1198 2001 1345 2084 gentilitas

107 2079 269 2170 f,’„,{g‘¹,fg{⁸·
286 2104 440 2145 accusare.
450 2084 476 2167 *)
518 2087 614 2146 Forte
631 2087 778 2163 creditur,
795 2086 868 2166 quia
890 2087 1035 2168 scriptum
1052 2098 1109 2145 est.-
1153 2087 1245 2144 Unius
1263 2104 1340 2143 uxo·

105 2174 217 2250 paauar.
285 2169 327 2231 ris
348 2169 469 2229 virum..
497 2169 615 2250 Non‘)
647 2171 839 2254 permanenti
864 2169 896 2230 in
919 2169 1153 2252 concupiscentie
1172 2165 1332 2252 generandi

107 2225 277 2315 aluifm⁸¹²⁸²
286 2251 373 2331 dixit,
394 2251 449 2314 sed
469 2266 601 2338 propter
616 2255 832 2317 continentiam
854 2251 1001 2314 futuram.
1039 2253 1138 2336 Neque
1160 2253 1243 2314 enim
1261 2251 1334 2311 iute-

285 2357 359 2422 gros
380 2356 443 2399 non
472 2338 609 2418 admisit,
645 2341 700 2424 qni
722 2340 786 2401 aits
828 2335 947 2398 Vellem
992 2351 1087 2400 autem
1119 2357 1225 2398 omues
1244 2332 1342 2396 bomi-

106 2429 193 2520 poor.
208 2439 261 2479 m.
285 2422 401 2483 nessia
424 2441 498 2503 esse,
511 2425 604 2486 sicuti
634 2435 666 2487 et
697 2445 765 2507 ego.
807 2421 851 2482 Et
878 2424 1013 2506 apertius
1044 2422 1187 2500 declarat,
1224 2420 1345 2481 dicensz

129 2492 174 2522 ‘’¹¹''
188 2488 242 2529 θ’θ’
286 2505 352 2581 Qui
369 2519 471 2568 autem
493 2510 526 2570 in
554 2528 646 2570 carne
663 2521 755 2585 sunt,
784 2506 853 2567 Deo
877 2507 999 2589 placere
1027 2528 1091 2568 uon
1108 2518 1245 2593 possunt.
1286 2503 1349 2567 Vos

285 2600 386 2651 autem
404 2591 468 2671 jam
487 2613 550 2653 non
575 2594 647 2690 estis
669 2593 702 2653 in
727 2611 827 2690 carne,
844 2590 899 2652 sed
920 2592 951 2651 in
970 2593 1096 2673 spiritu.

106 2695 206 2758 aarum
218 2711 245 2741 οι
368 2673 414 2735 ΙΝ
439 2676 543 2737 eadem
562 2674 633 2739 dist.
645 2688 697 2745 m
724 2687 837 2736 citatur
851 2676 1051 2738 Innocentius
1067 2677 1103 2754 L,
1128 2698 1196 2762 cap.
1214 2673 1353 2745 1.=Pro-

107 2746 229 2790 mm·
283 2759 425 2839 posuisti,
446 2760 524 2843 quid
546 2759 584 2821 de
604 2758 653 2820 his
674 2760 831 2822 observari
852 2758 973 2838 debeat,
1000 2781 1080 2844 quos
1106 2763 1141 2825 in
1160 2761 1290 2823 diaconii
1302 2759 1351 2819 mi·

107 2853 250 2941 apstinere
284 2843 420 2920 nisterio,
443 2856 496 2905 aut
517 2846 549 2905 in
571 2843 672 2904 officio
688 2845 872 2927 presbyterii
897 2847 1026 2929 positos,
1045 2847 1273 2908 incontinentes
1298 2862 1348 2904 esst

104 2902 340 3003 {iriilbisstaut
360 2927 467 3002 fuisse,
489 2929 624 3011 generati
645 2926 703 2989 filii
718 2928 931 3012 prodiderunt
981 2929 1031 2990 De
1058 2929 1110 2992 his
1137 2945 1169 2995 et
1189 2930 1346 2991 divinarum

105 3004 387 3103 22}3„„¹'³¹'³⁸'legum
407 3013 564 3074 manifesta
584 3022 631 3073 est
664 3013 826 3097 disciplina
857 3024 889 3074 et
915 3014 1023 3075 beatae
1051 3016 1283 3077 recordationis
1304 3012 1343 3073 rii

145 3166 183 3178 ...
283 3093 385 3156 Siricii
408 3098 543 3182 episcopi
562 3099 678 3159 monita
694 3097 843 3159 evidentia
866 3110 1080 3175 commearunt,
1107 3112 1144 3160 ut
1166 3100 1344 3160 incontinen·

104 3163 274 3263 illinitum
283 3189 339 3253 tes,
362 3181 393 3239 in
415 3180 520 3242 officiis
542 3180 655 3243 talibus
678 3184 783 3266 positi,
808 3185 891 3243 omni
915 3182 1122 3245 ecclesiastico
1151 3183 1280 3245 honore
1296 3182 1342 3265 pti·

104 3267 149 3304 ω·
281 3275 437 3341 verentur,
459 3286 514 3341 nec
539 3264 773 3332 admitterentur
797 3268 943 3330 accedere
967 3267 1007 3328 ad
1025 3269 1257 3344 ministerium,
1278 3261 1344 3349 quod

281 3343 347 3405 sola
370 3350 558 3409 coutinentia
576 3345 703 3433 oportet
723 3349 855 3433 impleri.
898 3353 956 3413 Est
976 3356 1056 3412 euim
1073 3365 1162 3414 vetus
1195 3350 1344 3414 admodum

279 3448 384 3491 sacrae
411 3431 484 3516 legis
506 3436 685 3512 auctoritas,
708 3435 772 3517 jam
800 3434 871 3497 inde
895 3436 934 3498 ab
961 3437 1052 3497 initio
1071 3437 1248 3515 custodita,
1276 3431 1345 3518 quod

160 3531 163 3538 ·
253 3520 256 3527 '
287 3514 320 3572 in
340 3516 455 3599 templo
471 3537 550 3578 anno
571 3517 647 3578 vicis
664 3539 736 3579 suae
756 3517 895 3581 habitare
908 3523 1065 3606 praecepti
1081 3534 1154 3582 sunt
1173 3521 1345 3594 sacerdota,

104 3577 244 3685 {fussssssssfj
254 3641 275 3679 ,u
287 3607 322 3657 ut
342 3603 503 3663 servientes
520 3604 613 3663 sacris
624 3600 844 3679 oblationibus,
865 3625 962 3687 puros
985 3616 1016 3666 et
1034 3604 1072 3666 ab
1087 3608 1175 3666 omni
1198 3606 1271 3668 labe
1284 3623 1346 3688 pur-

103 3685 141 3728 ¹⁹·
281 3695 382 3827 gatos,
403 3684 463 3745 sibi
486 3687 647 3748 vendicent
668 3687 773 3747 divina
792 3691 974 3750 ministeria:
994 3710 1095 3772 neque
1121 3712 1175 3752 eos
1201 3692 1244 3752 ad
1269 3688 1343 3750 sacti·

149 3774 153 3785 '
306 3769 352 3828 cia
379 3768 478 3832 fassit
497 3770 625 3848 admitti,
648 3773 704 3853 qui
723 3785 862 3833 exercent
873 3774 922 3834 vel
941 3795 1010 3835 cnm
1029 3794 1126 3836 uxore
1140 3775 1270 3838 carnale
1286 3791 1342 3835 eon·

102 3847 238 3947 meista
246 3863 270 3900 οἱ
280 3855 418 3930 sortium,
440 3856 515 3936 quia
536 3858 684 3939 scriptum
701 3868 764 3920 ests
784 3857 889 3919 Sancti
908 3870 1014 3934 estote,
1033 3861 1106 3939 quia
1129 3872 1160 3922 et
1186 3882 1251 3946 ego
1273 3875 1344 3920 saue

101 3924 271 4030 Nssmdsssm·
283 3948 332 3998 tus
354 3959 430 4015 sum,
452 3940 602 4000 Dominus
620 3943 705 4001 Deus
724 3955 832 4003 vester.
875 3941 999 4019 Quibus
1017 3945 1124 4023 utique
1149 3959 1287 4029 propter
1305 3959 1349 4002 so-

283 4017 364 4081 bolis
392 4030 614 4086 successionem
634 4027 761 4086 uxorins
794 4047 867 4087 usus
898 4027 1001 4088 fuerat
1029 4026 1201 4089 relaxatus:
1236 4030 1305 4112 qnia
1320 4041 1349 4083 cx

101 4158 134 4201 co
152 4160 171 4199 t,
203 4161 237 4199 ut·
284 4100 343 4161 alia
363 4108 449 4167 tribu
468 4109 508 4169 ad
528 4109 734 4170 sacerdotium
750 4109 853 4171 nullus
869 4111 970 4171 fuerat
988 4123 1177 4193 praeceptus
1192 4111 1351 4175 'accederes

99 4172 258 4253 ,addidi
285 4197 399 4266 quanto
421 4195 516 4274 magia
537 4193 571 4255 hi
591 4192 767 4259 secerdotes
788 4194 836 4257 vel
852 4196 974 4258 levitae
986 4195 1176 4291 pudicitiam⁸
1193 4219 1233 4261 ex
1245 4197 1352 4260 diecr-
