2790 4792
278 202 448 291 ussvf
515 219 1102 282 ursaonameuro

111 441 181 482 quare
197 400 379 468 mine-homo
411 424 468 486 per
497 416 706 475 testamentum
738 425 875 481 novum,
906 406 987 465 inter
1019 404 1097 465 maia
1117 402 1213 486 hujus
1235 405 1349 467 saeculi

113 487 162 520 ‘'¹“
285 509 364 547 novo
387 489 508 549 saeculo
527 502 774 571 praepararetm,
796 491 958 565 miseriam,
980 511 1071 569 quam
1087 495 1200 549 meruit
1221 493 1286 550 vita
1307 495 1351 550 is·

282 583 314 631 ta
336 573 490 640 damnata,
524 585 677 653 sapienter
698 574 849 647 tolerans,
888 586 918 632 et
940 575 1012 653 quia
1035 571 1159 633 finietur
1177 574 1351 656 prudenter

285 657 455 740 gratulans:
490 656 710 716 beatitudinem
743 677 838 731 vero,
875 677 966 737 quam
1000 656 1129 716 liberata
1158 660 1222 717 rita
1244 657 1350 717 futura

285 745 349 802 sine
371 739 432 801 fine
456 741 601 809 habitura
624 752 684 815 est,
706 737 839 799 fideliter
860 751 890 798 et
910 743 1060 822 patienter
1080 752 1267 822 exspectans.

371 839 399 893 7.
441 825 550 886 IDEM
582 823 768 907 Augustinus
798 824 833 882 L.
854 823 879 882 I;
913 825 1086 907 depereat.
1108 825 1225 884 meritis
1249 836 1282 884 et
1302 845 1351 885 re-

115 917 264 1003 Bartjpnup
287 911 367 985 miss.
391 929 447 992 cap
482 921 552 976 59st
576 910 612 967 111
633 910 769 991 parvulis
791 919 873 966 certe
893 912 987 990 gratia
1009 910 1066 967 Dei
1088 929 1144 990 per
1165 908 1350 991 baptismum

114 979 277 1074 piiiiiiiuiec.
290 995 374 1073 ejus,
397 996 451 1072 qui
472 995 554 1050 venit
576 994 607 1051 in
630 991 827 1051 similitudine
850 994 949 1051 carnis
969 995 1108 1073 peccati,
1130 990 1162 1050 id
1184 993 1299 1074 agitur,
1317 1004 1350 1051 ut

115 1070 454 1159 {flssffguffgfflsscvacuetur
478 1097 551 1136 caro
578 1077 704 1164 peccati,
748 1076 924 1135 Evacuatur
947 1087 1064 1151 autem,
1090 1096 1151 1134 non
1174 1087 1210 1134 ut
1232 1079 1265 1134 in
1289 1083 1350 1158 ipsa

289 1164 408 1221 vivente
443 1181 533 1219 carne
559 1162 806 1240 concupiscentia
835 1180 999 1240 conspersa
1023 1171 1053 1219 11
1073 1161 1190 1232 inuata,
1226 1172 1350 1241 repente

289 1247 466 1306 absumatur
501 1257 531 1304 et
561 1265 624 1304 nou
652 1246 711 1316 sit,
730 1243 794 1302 sed
821 1264 859 1302 ne
882 1241 964 1303 obsit
984 1255 1131 1318 mortuo,
1154 1263 1235 1323 quae
1256 1247 1349 1302 inerat

288 1343 372 1389 nato.
428 1328 503 1388 Nam
541 1330 565 1386 si
597 1340 667 1410 post
687 1325 870 1408 baptismum
892 1329 1018 1400 vixerit,
1048 1341 1140 1407 atque
1162 1327 1203 1387 ad
1225 1341 1349 1387 aetatem
1390 1319 1393 1330 ⁴

289 1434 429 1495 capacem
462 1414 616 1494 praecepti
637 1413 794 1493 pervenire
817 1413 976 1493 potuerit,
998 1411 1041 1468 ibi
1069 1409 1172 1485 1111111,
1197 1432 1269 1470 cum
1292 1431 1348 1492 qua

289 1511 426 1581 pugnet,
463 1517 586 1576 eamque
620 1495 783 1574 adjuvante
805 1496 873 1554 Deo
896 1507 1036 1576 superet,
1066 1497 1171 1554 sinon
1193 1497 1349 1556 invacuum
1386 1544 1389 1551 .

291 1583 418 1663 gratiam
442 1581 508 1658 ejus
531 1581 720 1659 susceperit,
754 1581 779 1638 si
801 1579 985 1660 reprobatus
1008 1600 1072 1638 esse
1092 1579 1235 1638 noluerit„
1279 1580 1349 1640 Nam

290 1683 347 1722 nec
382 1663 549 1745 grandibus
571 1660 632 1721 hoc
655 1673 828 1742 praestatur
849 1666 881 1720 in
902 1662 1073 1743 baptismo,
1107 1663 1172 1720 nisi'
1188 1663 1273 1722 forte
1297 1666 1349 1722 mi·

290 1746 396 1806 racuio
430 1744 575 1804 ineffabili
598 1747 882 1824 omnipotentissimi
904 1753 1070 1820 creatoris,
1099 1758 1135 1805 ut
1157 1745 1204 1804 lex
1226 1742 1348 1829 peccati,

294 1851 372 1910 qnae
400 1831 478 1887 inest
507 1830 537 1886 in
559 1827 702 1886 membris
736 1849 906 1911 repugnans
927 1828 985 1909 legi
1009 1832 1135 1904 mentis,
1156 1834 1282 1910 penitus
1303 1852 1363 1890 exv

292 1915 463 1996 stinguatur
487 1924 516 1970 et
537 1932 600 1971 non
622 1913 670 1982 sit,
693 1911 745 1970 sed
768 1925 812 1986 nt,
834 1911 987 1992 quidquid
1009 1913 1078 1972 111111
1103 1913 1142 1971 ab
1156 1913 1347 1974 hominefac·

291 1992 391 2072 tum,
410 1995 545 2069 dictum,
574 1997 738 2076 cogitatum
772 2007 836 2066 est,
873 2016 940 2052 cum
963 1997 1059 2054 cidem
1088 2001 1345 2080 concupiscentiae

291 2082 433 2160 subjecta
454 2092 552 2138 mente
572 2080 719 2154 serviret,
741 2090 838 2138 totum
862 2078 1041 2154 aboleatur,
1064 2101 1109 2156 ac,
1131 2081 1216 2141 velut
1239 2083 1344 2142 factum

252 2165 254 2169 ⁷
293 2187 356 2227 nou
378 2165 478 2242 fuerit,
502 2161 660 2222 1111111111.
704 2164 774 2244 ipsa
795 2184 867 2222 vero
889 2162 992 2222 'soluto
1013 2177 1113 2223 reatus
1135 2165 1272 2242 uinculo,
1288 2178 1346 2247 'quo

293 2251 375 2311 iiiam
398 2248 539 2309 diabolus
562 2250 689 2307 unimam
712 2246 876 2321 retinebat,
898 2259 928 2306 et
949 2248 1164 2308 interclusione
1188 2250 1346 2324 destructa,
1373 2271 1376 2276 ·

228 2331 231 2338 ’
294 2356 371 2416 quae
393 2333 583 2393 hominema
615 2353 672 2392 suo
696 2343 833 2391 creatore
855 2331 1032 2413 separabat,
1060 2344 1180 2392 maneat
1201 2336 1231 2392 in
1255 2347 1348 2393 certa·

293 2421 390 2492 mine,
413 2440 475 2498 quo
498 2437 611 2498 corpus
633 2429 771 2475 nostrum
789 2416 989 2497 castigamus,
1013 2428 1043 2474 et
1063 2418 1203 2476 servituti
1224 2418 1349 2498 subjici·

294 2522 382 2578 mus,
412 2500 460 2560 111
479 2501 517 2559 ad
538 2521 611 2560 usus
627 2498 733 2560 xlicitos
756 2511 786 2558 et
801 2501 983 2559 necessarios
1003 2499 1182 2576 relaxanda,
1211 2501 1261 2560 vei
1282 2523 1348 2562 con·

296 2585 423 2647 tinentia
444 2583 630 2642 cohibenda.
704 2648 707 2657 ‚
1028 2599 1030 2604 '

383 2679 411 2734 8.
454 2666 558 2725 lTEM
577 2667 612 2724 L.
634 2665 674 2724 11.
694 2687 720 2724 c.
743 2677 811 2732 55st
833 2665 904 2726 Non
928 2665 1103 2747 intelligunt
1121 2669 1284 2748 quomodo
1297 2689 1349 2742 res,

301 2764 430 2834 quarum
452 2763 586 2824 reatum,
618 2768 666 2807 ne‘
684 2761 757 2830 post
783 2748 862 2808 hanc
887 2753 978 2809 vitam
1005 2749 1122 2827 obsint,
1151 2753 1236 2812 Deus
1255 2753 1349 2828 solvit,
1377 2788 1380 2795 ·

299 2849 401 2896 tamen
432 2855 481 2895 eas
505 2832 544 2892 ad
570 2844 719 2891 certamen
739 2829 811 2890 fidei
829 2834 902 2893 sinit
921 2855 1059 2911 manere,
1077 2846 1111 2893 ut
1126 2856 1182 2917 per
1206 2836 1350 2898 11111111-

299 2919 423 2980 diantur
441 2928 471 2976 et
489 2928 704 2991 exerceantur,
725 2913 919 2996 proficientes
941 2925 973 2975 in
998 2938 1094 2999 agone
1114 2920 1263 2998 justitiae.

133 3017 240 3078 pomino
263 3028 287 3056 ο.
381 3016 410 3072 9.
431 3003 486 3063 ΕΤ
507 3024 533 3061 1.
555 3011 629 3067 alu:
650 2997 857 3079 Verunrquia
878 3013 908 3059 11
929 3000 1003 3061 tales
1021 3023 1082 3061 non
1096 3003 1224 3079 desunt,
1248 3025 1349 3086 quem·

122 3066 288 3162 1111181111111
298 3087 463 3149 admodum
488 3088 529 3146 111
551 3084 608 3144 hac
624 3084 802 3162 quaestione
817 3086 976 3157 proposita
990 3086 1225 3166 respondemus,
1250 3091 1351 3149 diceu-

76 3239 81 3249 ,
122 3165 286 3267 gssgssssssffffi·
297 3186 341 3232 tes
353 3216 362 3247 ,
385 3185 454 3233 ante
475 3169 680 3231 remissionem
707 3185 770 3224 esse
791 3165 843 3226 1111
864 3168 1013 3249 supplicia
1038 3167 1258 3249 peccatos-mn,
1288 3183 1351 3254 poet

296 3257 506 3317 remissionem
544 3263 641 3312 autem
673 3251 837 3316 certamina
859 3255 1146 3333 exercitationesque
1174 3257 1351 3334 justorum:

297 3342 339 3400 ita
371 3351 401 3399 et
430 3338 507 3412 iilis,
541 3356 620 3416 qnos
645 3333 682 3394 de
702 3346 800 3393 morte
822 3338 957 3418 corporis
983 3335 1121 3396 similiter
1143 3352 1268 3418 movet,
1290 3360 1352 3401 res·

293 3422 435 3507 pondere
465 3420 631 3495 debemus,
663 3429 698 3478 ut
722 3438 786 3476 eam
819 3430 848 3478 et
871 3431 996 3502 peccato
1027 3421 1169 3483 accidisse
1195 3423 1349 3499 fateamur,

297 3519 328 3567 et
352 3516 425 3588 post
448 3514 645 3586 peccatorum
665 3500 894 3579 remissionem,
916 3514 952 3562 ut
975 3523 1097 3585 magnus
1124 3508 1217 3565 timor
1248 3510 1350 3590 eiust

296 3587 531 3673 proficientibus
567 3596 741 3669 superetur,
772 3585 812 3646 ad
833 3599 981 3649 certamen
1009 3587 1100 3650 nobis
1127 3591 1268 3651 relictam
1290 3609 1351 3653 esse

295 3693 359 3732 non
384 3671 592 3754 dedignemur.
635 3669 676 3729 Et
706 3670 802 3751 paulo
830 3683 922 3752 post:
955 3670 1129 3743 Mirandum
1153 3695 1217 3735 nou
1240 3687 1296 3752 est,
1321 3673 1352 3739 ’11

295 3767 424 3817 mortem
448 3754 589 3836 corporis
611 3774 672 3813 non
692 3753 786 3815 fuisse
803 3765 975 3815 eventuram
997 3752 1136 3833 homini,
1169 3759 1230 3817 nisi
1262 3778 1352 3842 prer-

296 3841 433 3900 cessisset
455 3849 629 3922 peccatum,
664 3836 752 3917 cujus
773 3839 861 3898 etiam
885 3836 952 3896 talis
969 3858 1068 3920 poena
1103 3853 1351 3922 consequeretur,

296 3935 328 3983 et
352 3935 425 4005 post
451 3923 657 3983 remissionem
687 3934 887 4002 peccatorum
906 3941 970 3980 eam
997 3919 1140 3985 fidelibus
1157 3928 1298 4004 evenire,
1318 3935 1353 3985 ut

295 4008 328 4066 in
358 4008 424 4087 ejus
450 4011 561 4067 timore
577 4003 727 4067 vincendo
745 4016 931 4067 exerceretur
952 4005 1105 4068 fortitudo
1120 4008 1270 4088 justitiae.
1312 4008 1352 4070 Et

294 4088 394 4152 inira:
424 4087 571 4152 Sicutilii
588 4087 679 4174 primi
703 4087 842 4155 homines
871 4101 979 4174 postea
1000 4090 1081 4174 juste
1100 4091 1253 4186 virendo,
1272 4091 1352 4159 undu
