2790 4792
304 279 792 371 „incnnnun
900 323 911 383 ζ
1063 230 1135 359 ἐι

59 494 118 545 tor
148 487 224 562 post
256 472 459 560 Baptismum,
488 481 520 533 et
553 467 654 531 illum·
678 467 776 529 sancti
798 463 931 553 ,spiritns
957 465 1133 551 adventum,
1143 516 1219 559 m,
1235 520 1261 568 4·

63 583 205 648 egressus
232 561 265 620 in
294 557 443 644 proelium
474 553 589 617 devicit
614 550 839 615 adversarium:
875 554 972 616 sicet
987 577 1044 618 vos
1060 568 1192 640 portur.
1222 548 1225 555 ’
1273 523 1297 569 ¹'

66 668 193 708 sacrum
213 645 361 729 baptisma
395 653 427 704 et
446 639 577 701 chrisma
597 638 776 714 mysticum,
806 636 907 702 induti
928 639 1019 700 armis
1034 640 1133 703 sancti

65 733 216 817 spiritns,
240 730 380 793 adversus
400 727 575 811 oppositam
590 721 680 784 robis
700 732 880 803 potestatem
901 726 1078 804 consistitis,
1102 737 1134 787 et

65 814 271 899 praeliamini,
290 812 458 877 dicentes:
489 809 603 873 Omnia
628 826 753 891 possum
780 806 814 867 in
837 827 891 886 eo,
911 810 965 891 qni
992 831 1041 892 me
1055 824 1296 889 con-marg.

67 901 184 976 i'ortat,
203 892 378 960 CHRISTO
388 941 397 973 ,
419 907 478 957 etc.
773 966 776 971 Ι
925 956 929 961 ,
1319 936 1322 941 .

155 996 200 1052 11.
242 980 432 1060 DENIQUE
454 973 577 1040 catech.
597 973 656 1040 IV.
678 982 785 1050 myst:
806 972 912 1036 Exutis
923 977 1060 1039 vestibus
1077 994 1134 1038 an·
1156 1000 1259 1045 cauata·
1271 1015 1309 1046 ve.

66 1068 178 1150 tiquis,
211 1078 242 1128 et
262 1070 321 1146 iis,
361 1086 441 1150 quae
472 1073 543 1123 sunt
564 1057 732 1125 secundnm
754 1057 894 1140 spiritum
917 1056 1018 1139 albae,
1041 1051 1195 1122 indu-⁸²³¹·

64 1155 119 1224 tis,
142 1165 293 1235 perpetuo
309 1153 378 1234 jam
398 1153 431 1210 in
454 1146 532 1205 albis
554 1146 694 1203 incedere
714 1142 848 1223 oportet,
883 1130 1135 1221 Nonjhocideo
1196 1160 1216 1175 ’“
1246 1142 1251 1149 ’

64 1237 213 1315 dicimus,
244 1239 333 1321 quasi
353 1232 425 1295 alba
445 1242 476 1290 te
500 1247 618 1309 semper
633 1228 811 1299 vestimenta
829 1220 946 1299 liaber'e
965 1231 1014 1290 'sit
1030 1249 1138 1290 neces-

62 1340 109 1397 se,
149 1319 204 1381 sed
230 1310 318 1403 quod
347 1318 397 1378 his
408 1360 418 1392 ,
454 1334 532 1393 quae
550 1332 620 1381 rere
648 1310 733 1385 alba,
751 1306 918 1393 ¹splendida
939 1313 1141 1395 etnspiritalia

63 1416 153 1482 sunit,
178 1407 286 1467 vestiri
306 1417 339 1462 te
364 1409 517 1481 oporteat.
624 1437 627 1444 -
883 1460 885 1465 ,
920 1418 942 1443 ‚·
990 1462 993 1467 ,
1064 1394 1068 1403 “

147 1496 178 1553 1.
203 1488 243 1548 G.
286 1478 477 1544 RABANUS
498 1481 623 1539 Maurus
659 1476 799 1561 Mogunt.
830 1475 966 1562 archiep.
989 1478 1078 1549 ·L.'‚1.
1102 1478 1316 1555 deorsamffir.

62 1575 200 1634 institut.
223 1569 337 1640 Cleric.
362 1585 388 1623 c.
410 1575 477 1629 27.:
500 1560 713 1623 Catcchizandi
735 1562 814 1622 ordo
836 1560 888 1622 hic
909 1562 974 1624 est':
989 1558 1139 1643 ''Primum
1151 1556 1315 1646 'fflgmffi

62 1659 283 1733 interrogatur
311 1668 464 1733 paganus,
495 1649 520 1706 si
551 1646 746 1707 abrenuntiat
778 1632 920 1707 diabolo'
936 1652 966 1707 e't
980 1649 1190 1725 ,omnibusne

64 1736 231 1798 damnosis
253 1735 321 1817 ejus
342 1730 506 1814 operibus,
540 1745 633 1813 atque
654 1729 812 1791 fallacibus
834 1734 991 1817 pompisjs
1013 1746 1049 1803 ut
1068 1736 1136 1818 pri-

65 1842 156 1883 mum
191 1829 318 1900 respuat
350 1836 503 1892 errorem,
532 1827 562 1874 et
593 1817 637 1874 sic
659 1815 887 1898 appropinquet
905 1817 945 1883 ad
966 1814 1135 1899 veritatem,

64 1907 233 1991 possitque
252 1904 339 1982 juxta
360 1899 558 1981 Apostolum,
581 1899 734 1981 deponere
754 1892 885 1961 veter'em
901 1894 1067 1969 hominem
1084 1896 1218 1966 ssa-21¹¹·-
1229 1903 1255 1951 4ν
1269 1906 1312 1952 22·

66 1988 204 2051 cundum
224 1987 383 2068 pristinam
405 1987 683 2059 conversationem,
717 1985 770 2065 qui
794 1974 1136 2071 corrumpitursecnn-
1284 1974 1289 1983 ’

68 2075 140 2149 dum
170 2070 323 2131 desideria
353 2068 489 2145 erroris,
524 2069 676 2152 abnegans
707 2070 888 2151 impietatem
909 2083 947 2141 =et
956 2054 1147 2161 ¹s'ae'cularia]

70 2156 241 2218 desideria:
272 2153 393 2214 Deinde
423 2153 607 2235 apostolicae
640 2150 712 2211 fidei
746 2140 921 2215 ostenditni
954 2137 1223 2245 ‘elstano-*¹⁸32
1241 2162 1280 2217 i2·

72 2242 160 2317 lum,
179 2242 217 2299 et'
229 2240 407 2321 anquiritur¹
425 2237 463 2297 ab
485 2258 538 2314 eo,
574 2239 602 2299 si
622 2234 729 2296 credat
749 2238 781 2295 in
802 2238 1047 2303 Desun-Rat'rem
1069 2206 1267 2303 cmiii-“⁸¹⁰
1288 2207 1314 2249 α’

73 2326 279 2409 nipotentem,
309 2334 341 2382 et
367 2321 516 2381 inlesum
537 2318 693 2380 Christum
714 2318 811 2379 filium
832 2304 1047 2403 ejus'sir'riicnni
1067 2328 1139 2386 Do-

71 2411 185 2488 minum
206 2420 362 2483 nostrum,
399 2417 440 2481 et¹
461 2408 494 2465 in
515 2404 667 2487 Spiritum
688 2416 845 2480 sanctum,
867 2392 1086 2493 untimtDeum
1109 2410 1141 2467 iu
1238 2402 1241 2407 ’

70 2496 209 2555 trinitate
236 2504 266 2552 et
284 2494 419 2553 unitate:
442 2493 467 2550 si
494 2486 690 2565 confiteatur,
712 2509 802 2546 unam
824 2508 888 2547 esse
920 2482 1054 2551 sanctam
1076 2492 1257 2552 Ec-Enee
1277 2502 1302 2546 4.

71 2579 193 2640 alesiam
230 2576 432 2653 catholicam,
474 2586 504 2634 et
527 2574 552 2632 si
575 2572 682 2632 credat
710 2574 913 2633 remissionem
929 2557 1199 2659 peccatorum,⁸⁰⁴¹'

71 2675 101 2741 et
124 2662 223 2722 carnis
244 2658 507 2741 resurrectionem.
550 2658 632 2718 Haec
654 2654 727 2739 ergo
750 2660 859 2735 omnia,
882 2661 907 2719 si
929 2681 960 2720 se
981 2682 1052 2731 vere
1064 2684 1142 2744 pro·

70 2747 179 2809 fitetur
211 2746 354 2820 credere,
388 2747 455 2825 jam*
473 2743 582 2825 incipit
600 2763 657 2825 per
676 2734 768 2800 fidem
797 2744 925 2807 induere
947 2744 1061 2827 nevum
1081 2747 1143 2810 ho-

72 2835 184 2894 minem
197 2875 207 2907 ,
232 2830 296 2911 qui
322 2829 488 2888 secundum
514 2828 615 2913 Deum
647 2840 765 2887 creatus
802 2840 866 2906 est,
897 2822 928 2890 iri
960 2833 1079 2913 justitia
1112 2845 1144 2894 et
1247 2848 1250 2857 ·

72 2918 233 2979 sanctitate
248 2910 405 2995 'veritatisz
424 2910 493 2993 ¹quo
515 2914 616 2972 tamen
636 2908 727 2995 plene
749 2910 907 2989 induitur,
940 2918 1065 2997 quando
1087 2941 1145 3002 per

72 2996 223 3087 Baptismi
255 2993 632 3080 lavacrumregeneratur.
688 2995 729 3054 At
750 2990 915 3079 postquam
937 3020 1044 3085 seper
1068 3024 1145 3066 cou-
1175 3030 1184 3051 ⁹

10 3152 13 3159 ,
72 3087 240 3149 lessionem
261 3098 349 3137 verae
369 3076 441 3137 fidei
463 3083 494 3139 in
515 3080 639 3141 alterius
661 3081 919 3143 commendaverit
939 3087 1092 3163 omnium,
1115 3097 1146 3146 et

10 3222 15 3237 ‚
72 3190 128 3254 per
164 3162 463 3226 abrenuntiationem
493 3184 510 3222 a
536 3166 651 3248 'prioris
687 3160 872 3248 possessoris
904 3186 936 3225 se
969 3168 1146 3229 alienaverit

10 3308 17 3319 .
74 3253 224 3323 servitio,
247 3244 419 3307 exsufflatur
439 3245 477 3304 ab
498 3267 534 3306 eo
558 3270 645 3309 saeva
665 3263 818 3333 potestas,
849 3259 885 3309 ut
908 3270 964 3332 per
984 3254 1069 3335 pium
1094 3262 1298 3315 sa-Fmfflatio·

10 3402 14 3415 ,
74 3338 214 3403 cerdotis
247 3331 448 3392 ministerium
477 3332 595 3411 spiritui
622 3351 727 3415 sancto
754 3333 843 3394 cedat
874 3334 994 3417 fugiens
1016 3341 1143 3421 spiritus
1217 3364 1220 3373 ¹

14 3490 17 3495 ,
74 3424 243 3506 malignus:
275 3416 476 3497 signaturque
502 3414 534 3472 in
563 3435 595 3474 se
614 3414 708 3491 h'omn
730 3418 886 3502 signaculo
909 3422 1008 3493 erucis
1029 3436 1091 3485 tam
1113 3426 1145 3487 in
1159 3419 1320 3478 ⁰⁰⁸⁸itt12210·

10 3556 20 3568 ‚
74 3510 204 3580 fronte,
229 3521 321 3583 quam
341 3501 371 3558 in
387 3497 502 3573 corde,
536 3510 572 3557 ut
596 3496 659 3583 ipse
680 3515 816 3592 apostata
837 3502 1000 3582 diabolus,
1023 3510 1144 3571 invase
1218 3564 1222 3572 .
1248 3506 1252 3577 J
1324 3516 1327 3521 ’

10 3630 18 3666 3
74 3612 133 3652 suo
168 3587 301 3672 pristino
330 3605 401 3644 suae
432 3584 671 3665 interemptionis
693 3608 876 3668 cognoscens
909 3582 1051 3673 siguum,
1085 3594 1149 3676 jam

15 3716 19 3743 :
73 3677 134 3737 sibi
168 3672 312 3753 deinceps
341 3671 416 3727 sciat
451 3667 531 3727 illud
554 3687 617 3739 esse
639 3667 779 3731 alienum.
820 3673 938 3735 Exinde
957 3677 1021 3757 jam
1036 3678 1149 3738 dicun-

10 3804 21 3816 .
74 3774 129 3821 tur
150 3776 248 3838 super
269 3774 339 3815 eum
359 3753 531 3828 orationes,
566 3762 603 3810 ut
624 3750 677 3812 fiat
698 3753 938 3823 catechumenus.
979 3761 1066 3823 Tune
1092 3763 1149 3826 da·
1184 3822 1187 3827 ,

10 3876 20 3912 ·,
75 3858 129 3907 tur
151 3843 182 3903 ei
201 3838 245 3899 sal
266 3837 462 3899 benedictum
477 3838 508 3896 in
530 3857 588 3914 os,
610 3849 646 3897 ut
666 3857 722 3919 per
743 3839 786 3897 sal
807 3843 962 3923 typicum,
992 3840 1198 3929 sapientiae8¹1
1217 3843 1325 3888 benetie-

79 3928 140 3989 eale
159 3924 329 4007 conditus,
352 3921 469 3982 foetore
486 3934 586 3983 careat
614 3923 804 4004 iniquitatis,
828 3935 859 3984 et
879 3946 935 3986 nec
955 3949 973 3989 a
992 3932 1146 3995 vermibus
1156 3894 1213 3937 m
1324 3938 1327 3945 '

10 4044 21 4080 ι
80 4000 278 4093 peccatoritm
310 4005 393 4066 ultra
412 4004 579 4090 putrefiat,
614 4006 668 4067 sed
691 4007 789 4089 magis
804 4006 925 4070 illaesus
945 4008 1085 4075 servetur
1109 4018 1149 4081 ad

10 4132 18 4149 .
83 4095 235 4173 majorem
251 4092 377 4177 gratiam
399 4092 635 4175 percipiendam.
688 4091 809 4152 Dehinc
829 4094 1315 4179 iterumexorcizatur³¹⁰W¹⁸¹¹¹⁰³r

10 4220 16 4231 .
79 4176 242 4261 diabolus,
275 4186 311 4239 nt
342 4194 428 4237 snam
455 4177 622 4261 nequitiam
655 4196 837 4264 agnoscens,
868 4191 900 4259 et
917 4182 1036 4268 justum
1050 4206 1151 4272 „super

531 1406 535 1415 ι
