2790 4792
238 368 319 440 200
484 356 567 429 RB
607 354 1075 424 'SAGRAMBNTO

239 542 390 630 perficere
410 556 568 628 nequeunt
587 542 667 619 illos,
684 543 741 626 qni
760 541 929 604 seeundum
952 540 1048 626 legem
1079 556 1315 609 conversantur.

243 630 329 709 Quid
358 629 452 714 ergo?
494 628 581 691 Anne
612 650 669 691 nos
695 649 813 711 semper
839 628 993 688 offerimus
1023 628 1139 688 hostias
1165 635 1317 714 sanguine

242 715 398 777 carentes?
439 713 501 774 Sed
522 715 613 774 unius
624 711 822 795 ejusdemque
835 715 940 774 mortis
957 712 1119 773 CHRISTI
1137 718 1317 776 memoriam

79 821 231 872 noemam
243 800 381 876 facimus,
404 810 435 860 et
451 808 545 859 unum
560 797 683 859 Christi
702 818 818 881 corpus
838 818 957 880 semper
981 797 1107 856 edimus.
1150 799 1221 860 Non
1236 803 1316 862 enim

68 879 102 921 Ψ
114 875 220 962 “³⁸⁰2
242 904 327 947 nunc
341 884 466 965 quidem
487 885 579 944 nnius
603 881 728 957 Christi,
744 882 819 944 alias
844 903 919 944 vero
940 880 1083 959 alterius,
1111 883 1165 943 sed
1194 905 1316 968 semper

243 967 397 1050 ejusdem:
452 968 640 1028 iudaeorum
664 987 740 1028 vero
771 967 892 1029 hostiae
925 968 1021 1026 varias
1045 966 1202 1028 habehant
1224 971 1317 1028 victi·

243 1073 318 1126 mas,
339 1072 448 1135 nempe
463 1073 545 1128 oves,
566 1050 673 1128 boves,
699 1071 825 1134 caps-ass
854 1052 925 1112 ideo
946 1051 1058 1110 multae
1087 1065 1157 1111 sunt
1181 1051 1315 1115 hostiae:

243 1147 369 1199 nostrae
390 1157 465 1196 vero
499 1156 682 1220 quamquam
703 1139 823 1199 actione
854 1136 968 1198 multae
995 1137 1077 1214 sint,
1100 1139 1194 1198 unica
1215 1149 1316 1200 tamen

245 1230 472 1305 estpotestate.

720 1445 823 1524 VIH.

243 1643 374 1733 Estne
411 1635 488 1722 sul>
526 1637 651 1721 altare
696 1632 884 1739 tantum,
912 1637 1028 1754 panis
1058 1636 1235 1739 scilicet,
1266 1669 1316 1722 an

302 1809 403 1864 vero
433 1774 509 1862 sub
539 1795 713 1891 utraque
750 1777 868 1894 panis
910 1809 956 1859 ac
984 1777 1072 1861 vini
1109 1779 1263 1896 specie,

543 1900 743 2001 sumenda
770 1914 1049 2001 Eucharistia2

173 2183 177 2191 -
227 2190 230 2195 .
347 2131 393 2203 A.
444 2132 503 2205 Da
527 2130 794 2206 Sacerdotibus
819 2132 989 2230 quidem,
1016 2156 1083 2203 scu
1107 2131 1315 2206 sacrifican-

246 2246 347 2326 tibus
371 2273 527 2346 constat,
555 2257 681 2331 ambas
707 2256 937 2330 Sacramenti
961 2245 1113 2354 species
1134 2256 1211 2329 illis
1236 2280 1318 2331 osse

143 2393 144 2396 ’
247 2379 458 2471 sumendas,
485 2381 566 2454 sinc
592 2382 729 2480 quibus
752 2405 875 2479 neque
899 2379 969 2450 rite
992 2400 1226 2468 consecrare,
1252 2403 1318 2450 nc·

249 2523 323 2597 que
349 2503 482 2575 offerre
508 2523 663 2603 possent
677 2503 959 2577 Eucharistiam.
1010 2500 1124 2597 Cujus
1151 2501 1209 2572 rei
1233 2526 1335 2576 cau·-

127 2648 130 2653 ⁴
248 2645 328 2693 sam
354 2649 398 2695 ex
417 2624 599 2698 sacrificio
615 2612 703 2729 ipso
719 2627 943 2728 pendentem
965 2622 1138 2708 reddere,
1163 2624 1226 2699 hio
1244 2623 1319 2725 jam

248 2766 405 2816 necesse
429 2771 507 2818 non
525 2755 599 2819 ‘est

348 2868 390 2936 Β.
439 2869 497 2940 Do
522 2869 605 2942 aliis
641 2896 729 2944 vero
765 2869 938 2943 fidelibus
970 2896 1046 2943 non
1080 2865 1319 2943 sacrificanti·

248 2985 333 3072 bus,
359 2989 454 3064 illud
477 2989 667 3064 fatendum
692 3011 768 3085 est,
794 2993 899 3065 nullo
937 3020 1004 3068 eos
1040 2993 1176 3065 Divino
1216 3017 1318 3092 prae·

249 3130 361 3212 cepto
387 3113 436 3188 ad
472 3115 730 3189 Eucharistiae
766 3100 1043 3191 Sacramentum
1081 3115 1152 3188 sub
1190 3118 1318 3216 specie

249 3250 405 3334 utraque
431 3238 648 3312 sumendum
673 3239 866 3339 adstringi,
893 3241 961 3314 sed
986 3238 1217 3313 adsalutem
1242 3238 1317 3310 illis

98 3452 124 3500 ί)
141 3451 229 3495 mun
250 3381 333 3431 asse
357 3360 459 3444 satis,
485 3360 637 3434 alterius
670 3360 815 3463 speciei
844 3364 1151 3473 communionem.
1202 3363 1317 3459 Igitur

40 3548 41 3551 ,
73 3496 240 3602 2154„ng
250 3505 283 3552 ει
307 3482 440 3555 veteris
455 3483 648 3581 Ecclesiae
672 3503 806 3559 statum
830 3486 1043 3589 repetimus,
1059 3489 1072 3528 ¹
1087 3509 1187 3585 nunc
1206 3508 1320 3557 unam·

54 3599 400 3695 ·:1⁰.‘,·{5‚d;?¹flg;tantnm,
425 3630 525 3680 nunc
547 3590 741 3708 utramque
765 3612 930 3710 speciem
966 3606 1138 3681 fidelibus
1165 3607 1339 3707 dispen·'

69 3702 105 3739 ¹⁸·
120 3694 150 3736 'in
168 3696 239 3740 E10d0

70 3743 192 3845 33:133}
249 3741 365 3797 satam
397 3727 513 3801 fuisse
547 3732 828 3830 comperiemus.
888 3734 930 3805 Si
962 3757 1051 3804 vero
1084 3730 1317 3830 Scriptorum

69 3839 133 3941 lgiildm
158 3841 239 3894 apolo-
431 3830 434 3835 Ι

121 3803 131 3833 Ι

121 3903 163 3942 pm
178 3858 393 3952 „maaca-am
416 3844 655 3945 consulimus,
681 3859 695 3898 ²
721 3856 776 3949 sic
798 3856 864 3928 illa
895 3854 942 3926 de
974 3853 1048 3926 hoc
1074 3843 1315 3926 Sacramenta

67 3942 239 4085 ἑῧξιῗξοῖᾞ
249 3966 418 4064 disserit,
444 3990 486 4047 ut
519 3976 634 4051 modo
657 3978 763 4078 panis
798 3994 836 4050 et
864 3975 1018 4061 calicis,
1043 3974 1156 4072 modo
1195 3976 1316 4050 solius

129 4163 136 4180 ,
228 4090 398 4190 ‘quidem
429 4097 539 4196 panis
570 4101 690 4174 soleat
724 4089 957 4175 meminisse?
996 4099 1072 4174 Ubi
1095 4098 1192 4173 enim
1220 4097 1313 4196 legi-

65 4241 232 4293 numen.
245 4204 350 4309 musa
375 4217 390 4259 ⁸
430 4219 520 4303 ,Nisi
550 4222 869 4313 manducaveritis
902 4247 1056 4310 carnem
1076 4218 1164 4349 Υρῑἰὶ
1189 4220 1329 4329 ispani·¹
