<?xml version="1.0" encoding="UTF-8"?>
<!DOCTYPE html PUBLIC "-//W3C//DTD XHTML 1.0 Transitional//EN"
    "http://www.w3.org/TR/xhtml1/DTD/xhtml1-transitional.dtd">
<html xmlns="http://www.w3.org/1999/xhtml" xml:lang="en" lang="en">
 <head>
  <title>
</title>
<meta http-equiv="Content-Type" content="text/html;charset=utf-8" />
  <meta name='ocr-system' content='tesseract 3.04.00' />
  <meta name='ocr-capabilities' content='ocr_page ocr_carea ocr_par ocr_line ocrx_word'/>
</head>
<body>
  <div class='ocr_page' id='page_1' title='image "./summadoctrinaec01kanigoog_0304.png"; bbox 0 0 2790 4792; ppageno 0'>
   <div class='ocr_carea' id='block_1_1' title="bbox 315 280 1193 447">
    <p class='ocr_par' dir='ltr' id='par_1_1' title="bbox 315 280 1193 447">
     <span class='ocr_line' id='line_1_1' title="bbox 315 280 1193 447; baseline 0.002 -52"><span class='ocrx_word' id='word_1_1' title='bbox 315 329 895 427; x_wconf 63' lang='lat' dir='ltr'>acuatacuat-atu:</span> <span class='ocrx_word' id='word_1_2' title='bbox 952 280 963 321; x_wconf 66' lang='lat'>³</span> <span class='ocrx_word' id='word_1_3' title='bbox 1012 348 1136 447; x_wconf 40' lang='lat' dir='ltr'>aaa·</span> <span class='ocrx_word' id='word_1_4' title='bbox 1192 326 1193 331; x_wconf 67' lang='lat'>‘</span> 
     </span>
    </p>
   </div>
   <div class='ocr_carea' id='block_1_2' title="bbox 10 515 1317 1690">
    <p class='ocr_par' dir='ltr' id='par_1_2' title="bbox 10 515 1284 1277">
     <span class='ocr_line' id='line_1_2' title="bbox 55 515 1123 610; baseline -0.005 -24"><span class='ocrx_word' id='word_1_5' title='bbox 55 524 120 586; x_wconf 91' lang='lat' dir='ltr'>illis</span> <span class='ocrx_word' id='word_1_6' title='bbox 152 521 378 610; x_wconf 66' lang='lat' dir='ltr'>poeniteutiae,</span> <span class='ocrx_word' id='word_1_7' title='bbox 408 515 469 602; x_wconf 61' lang='lat' dir='ltr'>nee</span> <span class='ocrx_word' id='word_1_8' title='bbox 493 516 717 578; x_wconf 85' lang='lat' dir='ltr'>¹communionis</span> <span class='ocrx_word' id='word_1_9' title='bbox 746 518 842 600; x_wconf 81' lang='lat' dir='ltr'>gratia</span> <span class='ocrx_word' id='word_1_10' title='bbox 870 518 1056 606; x_wconf 74' lang='lat' dir='ltr'>denegetur,</span> <span class='ocrx_word' id='word_1_11' title='bbox 1095 528 1123 587; x_wconf 85' lang='lat' dir='ltr'>si</span> 
     </span>
     <span class='ocr_line' id='line_1_3' title="bbox 56 600 1122 689; baseline 0.001 -21"><span class='ocrx_word' id='word_1_12' title='bbox 56 631 145 686; x_wconf 89' lang='lat' dir='ltr'>eam,</span> <span class='ocrx_word' id='word_1_13' title='bbox 178 610 268 667; x_wconf 87' lang='lat' dir='ltr'>ctiam</span> <span class='ocrx_word' id='word_1_14' title='bbox 299 605 402 666; x_wconf 89' lang='lat' dir='ltr'>amisso</span> <span class='ocrx_word' id='word_1_15' title='bbox 431 604 515 663; x_wconf 87' lang='lat' dir='ltr'>vocis</span> <span class='ocrx_word' id='word_1_16' title='bbox 539 600 652 677; x_wconf 85' lang='lat' dir='ltr'>officio,</span> <span class='ocrx_word' id='word_1_17' title='bbox 674 620 730 682; x_wconf 92' lang='lat' dir='ltr'>per</span> <span class='ocrx_word' id='word_1_18' title='bbox 752 602 895 683; x_wconf 87' lang='lat' dir='ltr'>indicium</span> <span class='ocrx_word' id='word_1_19' title='bbox 919 607 1030 689; x_wconf 75' lang='lat' dir='ltr'><strong>integri</strong></span> <span class='ocrx_word' id='word_1_20' title='bbox 1050 627 1122 670; x_wconf 86' lang='lat' dir='ltr'>sen-</span> 
     </span>
     <span class='ocr_line' id='line_1_4' title="bbox 57 684 1121 774; baseline 0.001 -22"><span class='ocrx_word' id='word_1_21' title='bbox 57 714 111 752; x_wconf 90' lang='lat' dir='ltr'>sus</span> <span class='ocrx_word' id='word_1_22' title='bbox 137 711 288 774; x_wconf 84' lang='lat' dir='ltr'>quaerere</span> <span class='ocrx_word' id='word_1_23' title='bbox 311 686 559 771; x_wconf 81' lang='lat' dir='ltr'>comprobentur.</span> <span class='ocrx_word' id='word_1_24' title='bbox 614 684 708 760; x_wconf 87' lang='lat' dir='ltr'>Quod</span> <span class='ocrx_word' id='word_1_25' title='bbox 730 685 756 744; x_wconf 89' lang='lat' dir='ltr'>si</span> <span class='ocrx_word' id='word_1_26' title='bbox 777 685 879 766; x_wconf 88' lang='lat' dir='ltr'>aliqua</span> <span class='ocrx_word' id='word_1_27' title='bbox 899 689 928 747; x_wconf 82' lang='lat' dir='ltr'>ri</span> <span class='ocrx_word' id='word_1_28' title='bbox 950 691 1121 772; x_wconf 82' lang='lat' dir='ltr'>aegritudi-</span> 
     </span>
     <span class='ocr_line' id='line_1_5' title="bbox 57 767 1119 856; baseline 0 -21"><span class='ocrx_word' id='word_1_29' title='bbox 57 779 108 835; x_wconf 88' lang='lat' dir='ltr'>nis</span> <span class='ocrx_word' id='word_1_30' title='bbox 144 779 188 837; x_wconf 89' lang='lat' dir='ltr'>ita</span> <span class='ocrx_word' id='word_1_31' title='bbox 220 775 331 833; x_wconf 83' lang='lat' dir='ltr'>luerint</span> <span class='ocrx_word' id='word_1_32' title='bbox 358 771 534 856; x_wconf 79' lang='lat' dir='ltr'>aggravati,</span> <span class='ocrx_word' id='word_1_33' title='bbox 573 782 609 829; x_wconf 90' lang='lat' dir='ltr'>ut</span> <span class='ocrx_word' id='word_1_34' title='bbox 631 767 716 849; x_wconf 91' lang='lat' dir='ltr'>quod</span> <span class='ocrx_word' id='word_1_35' title='bbox 737 769 828 851; x_wconf 88' lang='lat' dir='ltr'>paulo</span> <span class='ocrx_word' id='word_1_36' title='bbox 850 782 919 831; x_wconf 83' lang='lat' dir='ltr'>ante</span> <span class='ocrx_word' id='word_1_37' title='bbox 940 773 1119 854; x_wconf 87' lang='lat' dir='ltr'>poscebant,</span> 
     </span>
     <span class='ocr_line' id='line_1_6' title="bbox 12 847 1284 941; baseline 0.003 -24"><span class='ocrx_word' id='word_1_38' title='bbox 12 895 17 901; x_wconf 66' lang='lat'><em>›</em></span> <span class='ocrx_word' id='word_1_39' title='bbox 59 860 122 918; x_wconf 90' lang='lat' dir='ltr'>sub</span> <span class='ocrx_word' id='word_1_40' title='bbox 141 859 309 941; x_wconf 86' lang='lat' dir='ltr'>praesentia</span> <span class='ocrx_word' id='word_1_41' title='bbox 332 856 498 917; x_wconf 83' lang='lat' dir='ltr'>sacerdotis</span> <span class='ocrx_word' id='word_1_42' title='bbox 521 850 694 934; x_wconf 82' lang='lat' dir='ltr'>significare</span> <span class='ocrx_word' id='word_1_43' title='bbox 715 873 777 912; x_wconf 90' lang='lat' dir='ltr'>non</span> <span class='ocrx_word' id='word_1_44' title='bbox 791 852 926 915; x_wconf 82' lang='lat' dir='ltr'>valeant:</span> <span class='ocrx_word' id='word_1_45' title='bbox 948 859 1119 921; x_wconf 86' lang='lat' dir='ltr'>testimonia</span> <span class='ocrx_word' id='word_1_46' title='bbox 1177 896 1180 900; x_wconf 92' lang='lat'>·</span> <span class='ocrx_word' id='word_1_47' title='bbox 1273 847 1284 855; x_wconf 49' lang='grc'><em>’</em></span> 
     </span>
     <span class='ocr_line' id='line_1_7' title="bbox 60 935 1121 1018; baseline 0.002 -17"><span class='ocrx_word' id='word_1_48' title='bbox 60 945 105 1001; x_wconf 91' lang='lat' dir='ltr'>eis</span> <span class='ocrx_word' id='word_1_49' title='bbox 126 941 258 1001; x_wconf 90' lang='lat' dir='ltr'>fidelium</span> <span class='ocrx_word' id='word_1_50' title='bbox 274 941 533 1002; x_wconf 88' lang='lat' dir='ltr'>circumstantium</span> <span class='ocrx_word' id='word_1_51' title='bbox 555 936 699 1018; x_wconf 85' lang='lat' dir='ltr'>prodesse</span> <span class='ocrx_word' id='word_1_52' title='bbox 718 935 895 1014; x_wconf 87' lang='lat' dir='ltr'>debebunt,</span> <span class='ocrx_word' id='word_1_53' title='bbox 924 949 960 996; x_wconf 87' lang='lat' dir='ltr'>ut</span> <span class='ocrx_word' id='word_1_54' title='bbox 980 941 1068 1000; x_wconf 89' lang='lat' dir='ltr'>simul</span> <span class='ocrx_word' id='word_1_55' title='bbox 1090 955 1121 1003; x_wconf 90' lang='lat' dir='ltr'>et</span> 
     </span>
     <span class='ocr_line' id='line_1_8' title="bbox 60 1019 1119 1109; baseline -0.003 -23"><span class='ocrx_word' id='word_1_56' title='bbox 60 1027 282 1109; x_wconf 83' lang='lat' dir='ltr'>poenitentiae,</span> <span class='ocrx_word' id='word_1_57' title='bbox 316 1036 347 1086; x_wconf 88' lang='lat' dir='ltr'>et</span> <span class='ocrx_word' id='word_1_58' title='bbox 380 1019 640 1083; x_wconf 83' lang='lat' dir='ltr'>reconciliationis</span> <span class='ocrx_word' id='word_1_59' title='bbox 674 1019 856 1081; x_wconf 88' lang='lat' dir='ltr'>beneficium</span> <span class='ocrx_word' id='word_1_60' title='bbox 884 1035 1119 1104; x_wconf 85' lang='lat' dir='ltr'>consequantur,</span> 
     </span>
     <span class='ocr_line' id='line_1_9' title="bbox 58 1105 1122 1189; baseline -0.001 -20"><span class='ocrx_word' id='word_1_61' title='bbox 58 1120 190 1169; x_wconf 63' lang='lat' dir='ltr'>servatai</span> <span class='ocrx_word' id='word_1_62' title='bbox 216 1119 332 1168; x_wconf 90' lang='lat' dir='ltr'>tamen·</span> <span class='ocrx_word' id='word_1_63' title='bbox 350 1105 456 1189; x_wconf 80' lang='lat' dir='ltr'>regula</span> <span class='ocrx_word' id='word_1_64' title='bbox 490 1124 640 1162; x_wconf 89' lang='lat' dir='ltr'>canonum</span> <span class='ocrx_word' id='word_1_65' title='bbox 670 1112 870 1186; x_wconf 79' lang='lat' dir='ltr'>paternorum</span> <span class='ocrx_word' id='word_1_66' title='bbox 905 1108 985 1166; x_wconf 89' lang='lat' dir='ltr'>circa</span> <span class='ocrx_word' id='word_1_67' title='bbox 1014 1127 1122 1168; x_wconf 89' lang='lat' dir='ltr'>eorum</span> 
     </span>
     <span class='ocr_line' id='line_1_10' title="bbox 10 1185 1101 1277; baseline -0.003 -24"><span class='ocrx_word' id='word_1_68' title='bbox 10 1206 13 1243; x_wconf 76' lang='lat' dir='ltr'>i</span> <span class='ocrx_word' id='word_1_69' title='bbox 56 1212 224 1277; x_wconf 84' lang='lat' dir='ltr'>personas,</span> <span class='ocrx_word' id='word_1_70' title='bbox 247 1192 353 1273; x_wconf 93' lang='lat' dir='ltr'>quiin</span> <span class='ocrx_word' id='word_1_71' title='bbox 374 1192 511 1247; x_wconf 84' lang='lat' dir='ltr'>Douma</span> <span class='ocrx_word' id='word_1_72' title='bbox 532 1185 593 1246; x_wconf 90' lang='lat' dir='ltr'>fide</span> <span class='ocrx_word' id='word_1_73' title='bbox 627 1187 812 1252; x_wconf 86' lang='lat' dir='ltr'>discedendo</span> <span class='ocrx_word' id='word_1_74' title='bbox 841 1201 1016 1272; x_wconf 78' lang='lat' dir='ltr'>peccarunt</span> <span class='ocrx_word' id='word_1_75' title='bbox 1097 1202 1101 1209; x_wconf 82' lang='grc'><em>’</em></span> 
     </span>
    </p>

    <p class='ocr_par' dir='ltr' id='par_1_3' title="bbox 10 1270 1317 1690">
     <span class='ocr_line' id='line_1_11' title="bbox 141 1270 1120 1357; baseline 0.005 -27"><span class='ocrx_word' id='word_1_76' title='bbox 141 1291 169 1343; x_wconf 81' lang='lat'>2.</span> <span class='ocrx_word' id='word_1_77' title='bbox 211 1276 321 1343; x_wconf 87' lang='lat' dir='ltr'><strong>IDEM</strong></span> <span class='ocrx_word' id='word_1_78' title='bbox 347 1275 439 1354; x_wconf 72' lang='lat' dir='ltr'>gpist.</span> <span class='ocrx_word' id='word_1_79' title='bbox 470 1283 520 1337; x_wconf 84' lang='lat'>80.</span> <span class='ocrx_word' id='word_1_80' title='bbox 544 1270 583 1330; x_wconf 93' lang='lat' dir='ltr'>ad</span> <span class='ocrx_word' id='word_1_81' title='bbox 618 1271 790 1354; x_wconf 88' lang='lat' dir='ltr'>Episcopos</span> <span class='ocrx_word' id='word_1_82' title='bbox 827 1293 885 1354; x_wconf 90' lang='lat' dir='ltr'>per</span> <span class='ocrx_word' id='word_1_83' title='bbox 917 1274 1120 1357; x_wconf 79' lang='lat' dir='ltr'>Campaniam,</span> 
     </span>
     <span class='ocr_line' id='line_1_12' title="bbox 56 1352 1172 1435; baseline -0.004 -16"><span class='ocrx_word' id='word_1_84' title='bbox 56 1360 225 1435; x_wconf 86' lang='lat' dir='ltr'>Samnium,</span> <span class='ocrx_word' id='word_1_85' title='bbox 248 1371 279 1418; x_wconf 90' lang='lat' dir='ltr'>et</span> <span class='ocrx_word' id='word_1_86' title='bbox 298 1352 443 1416; x_wconf 82' lang='lat' dir='ltr'>Picenum</span> <span class='ocrx_word' id='word_1_87' title='bbox 465 1357 646 1435; x_wconf 87' lang='lat' dir='ltr'>constitutos</span> <span class='ocrx_word' id='word_1_88' title='bbox 666 1377 692 1417; x_wconf 87' lang='lat' dir='ltr'>c.</span> <span class='ocrx_word' id='word_1_89' title='bbox 713 1369 759 1422; x_wconf 63' lang='lat'>22</span> <span class='ocrx_word' id='word_1_90' title='bbox 797 1356 883 1417; x_wconf 90' lang='lat' dir='ltr'>Illam</span> <span class='ocrx_word' id='word_1_91' title='bbox 905 1359 993 1419; x_wconf 83' lang='lat' dir='ltr'>etiam</span> <span class='ocrx_word' id='word_1_92' title='bbox 1015 1360 1134 1422; x_wconf 65' lang='lat' dir='ltr'>contrat</span> <span class='ocrx_word' id='word_1_93' title='bbox 1169 1385 1172 1392; x_wconf 90' lang='lat'>·</span> 
     </span>
     <span class='ocr_line' id='line_1_13' title="bbox 10 1438 1185 1527; baseline 0.002 -23"><span class='ocrx_word' id='word_1_94' title='bbox 10 1486 15 1495; x_wconf 86' lang='lat'><em>-</em></span> <span class='ocrx_word' id='word_1_95' title='bbox 57 1443 268 1527; x_wconf 79' lang='lat' dir='ltr'>Apostolicam</span> <span class='ocrx_word' id='word_1_96' title='bbox 290 1438 425 1519; x_wconf 82' lang='lat' dir='ltr'>regulam</span> <span class='ocrx_word' id='word_1_97' title='bbox 444 1440 743 1520; x_wconf 83' lang='lat' dir='ltr'>praesumptionem,</span> <span class='ocrx_word' id='word_1_98' title='bbox 775 1461 866 1520; x_wconf 88' lang='lat' dir='ltr'>quam</span> <span class='ocrx_word' id='word_1_99' title='bbox 890 1461 990 1522; x_wconf 90' lang='lat' dir='ltr'>nuper</span> <span class='ocrx_word' id='word_1_100' title='bbox 1011 1447 1121 1526; x_wconf 80' lang='lat' dir='ltr'>agnovi</span> <span class='ocrx_word' id='word_1_101' title='bbox 1183 1510 1185 1514; x_wconf 65' lang='grc'><em>,</em></span> 
     </span>
     <span class='ocr_line' id='line_1_14' title="bbox 10 1522 1317 1608; baseline 0.001 -21"><span class='ocrx_word' id='word_1_102' title='bbox 10 1546 15 1553; x_wconf 92' lang='grc'><strong><em>·</em></strong></span> <span class='ocrx_word' id='word_1_103' title='bbox 57 1548 76 1587; x_wconf 90' lang='lat' dir='ltr'>a</span> <span class='ocrx_word' id='word_1_104' title='bbox 96 1527 281 1608; x_wconf 88' lang='lat' dir='ltr'>quibusdam</span> <span class='ocrx_word' id='word_1_105' title='bbox 302 1522 409 1582; x_wconf 80' lang='lat' dir='ltr'>illicita</span> <span class='ocrx_word' id='word_1_106' title='bbox 438 1523 639 1603; x_wconf 83' lang='lat' dir='ltr'>usurpatione</span> <span class='ocrx_word' id='word_1_107' title='bbox 666 1524 830 1597; x_wconf 88' lang='lat' dir='ltr'>committi,</span> <span class='ocrx_word' id='word_1_108' title='bbox 859 1524 959 1584; x_wconf 89' lang='lat' dir='ltr'>modis</span> <span class='ocrx_word' id='word_1_109' title='bbox 980 1528 1121 1589; x_wconf 86' lang='lat' dir='ltr'>omnibus</span> <span class='ocrx_word' id='word_1_110' title='bbox 1314 1593 1317 1603; x_wconf 31' lang='lat'><strong>¹</strong></span> 
     </span>
     <span class='ocr_line' id='line_1_15' title="bbox 10 1605 1274 1690; baseline 0 -19"><span class='ocrx_word' id='word_1_111' title='bbox 10 1614 14 1621; x_wconf 82' lang='lat'>&#39;</span> <span class='ocrx_word' id='word_1_112' title='bbox 56 1612 213 1670; x_wconf 89' lang='lat' dir='ltr'>constituo</span> <span class='ocrx_word' id='word_1_113' title='bbox 240 1606 425 1687; x_wconf 79' lang='lat' dir='ltr'>submoveri,</span> <span class='ocrx_word' id='word_1_114' title='bbox 456 1605 511 1683; x_wconf 88' lang='lat' dir='ltr'>(de</span> <span class='ocrx_word' id='word_1_115' title='bbox 537 1606 725 1687; x_wconf 83' lang='lat' dir='ltr'>poenitentia</span> <span class='ocrx_word' id='word_1_116' title='bbox 745 1607 885 1668; x_wconf 82' lang='lat' dir='ltr'>videlicet</span> <span class='ocrx_word' id='word_1_117' title='bbox 897 1651 907 1684; x_wconf 85' lang='lat'>,</span> <span class='ocrx_word' id='word_1_118' title='bbox 940 1631 1018 1690; x_wconf 89' lang='lat' dir='ltr'>quae</span> <span class='ocrx_word' id='word_1_119' title='bbox 1039 1613 1119 1672; x_wconf 86' lang='lat' dir='ltr'>itaa</span> <span class='ocrx_word' id='word_1_120' title='bbox 1151 1615 1274 1662; x_wconf 66' lang='lat' dir='ltr'>contecto</span> 
     </span>
    </p>
   </div>
   <div class='ocr_carea' id='block_1_3' title="bbox 10 1670 1295 1776">
    <p class='ocr_par' dir='ltr' id='par_1_4' title="bbox 10 1670 1295 1776">
     <span class='ocr_line' id='line_1_16' title="bbox 10 1670 1295 1776; baseline 0.004 -23"><span class='ocrx_word' id='word_1_121' title='bbox 10 1708 17 1767; x_wconf 75' lang='grc'>,’</span> <span class='ocrx_word' id='word_1_122' title='bbox 56 1692 203 1753; x_wconf 89' lang='lat' dir='ltr'>fidelibus</span> <span class='ocrx_word' id='word_1_123' title='bbox 225 1688 412 1771; x_wconf 84' lang='lat' dir='ltr'>postulatur)</span> <span class='ocrx_word' id='word_1_124' title='bbox 446 1709 484 1748; x_wconf 90' lang='lat' dir='ltr'>ne</span> <span class='ocrx_word' id='word_1_125' title='bbox 513 1688 551 1747; x_wconf 88' lang='lat' dir='ltr'>de</span> <span class='ocrx_word' id='word_1_126' title='bbox 565 1688 762 1772; x_wconf 71' lang='lat' dir='ltr'>⁴singuloium</span> <span class='ocrx_word' id='word_1_127' title='bbox 783 1706 979 1773; x_wconf 84' lang='lat' dir='ltr'>peccatorum</span> <span class='ocrx_word' id='word_1_128' title='bbox 997 1670 1295 1776; x_wconf 57' lang='lat' dir='ltr'>genera‘iiilssli&#39;dl&#39;d</span> 
     </span>
    </p>
   </div>
   <div class='ocr_carea' id='block_1_4' title="bbox 55 1764 1298 1866">
    <p class='ocr_par' dir='ltr' id='par_1_5' title="bbox 10 1764 1298 1866">
     <span class='ocr_line' id='line_1_17' title="bbox 55 1764 1298 1866; baseline 0.04 -57.218"><span class='ocrx_word' id='word_1_129' title='bbox 55 1775 171 1837; x_wconf 62' lang='lat' dir='ltr'>libeni,</span> <span class='ocrx_word' id='word_1_130' title='bbox 193 1775 303 1854; x_wconf 69' lang='lat' dir='ltr'>scripta</span> <span class='ocrx_word' id='word_1_131' title='bbox 324 1772 473 1853; x_wconf 85' lang='lat' dir='ltr'>professio</span> <span class='ocrx_word' id='word_1_132' title='bbox 493 1771 619 1857; x_wconf 89' lang='lat' dir='ltr'>publice</span> <span class='ocrx_word' id='word_1_133' title='bbox 646 1775 805 1848; x_wconf 86' lang='lat' dir='ltr'>recitetur,</span> <span class='ocrx_word' id='word_1_134' title='bbox 828 1779 898 1834; x_wconf 86' lang='lat' dir='ltr'>cum</span> <span class='ocrx_word' id='word_1_135' title='bbox 918 1788 1019 1838; x_wconf 70' lang='lat' dir='ltr'>reatus</span> <span class='ocrx_word' id='word_1_136' title='bbox 1041 1764 1298 1866; x_wconf 59' lang='grc' dir='ltr'>0011-ἷὲῗὲῗῖᾗηῖἶῖ</span> 
     </span>
    </p>
   </div>
   <div class='ocr_carea' id='block_1_5' title="bbox 14 1854 1269 2864">
    <p class='ocr_par' dir='ltr' id='par_1_6' title="bbox 14 1854 1269 2106">
     <span class='ocr_line' id='line_1_18' title="bbox 14 1854 1269 1924; baseline 0.005 -6"><span class='ocrx_word' id='word_1_137' title='bbox 14 1868 20 1875; x_wconf 90' lang='grc'><strong>’</strong></span> <span class='ocrx_word' id='word_1_138' title='bbox 59 1859 258 1918; x_wconf 86' lang='lat' dir='ltr'>scientiarum</span> <span class='ocrx_word' id='word_1_139' title='bbox 284 1855 411 1916; x_wconf 85' lang='lat' dir='ltr'>sufficiat</span> <span class='ocrx_word' id='word_1_140' title='bbox 430 1855 500 1915; x_wconf 89' lang='lat' dir='ltr'>solis</span> <span class='ocrx_word' id='word_1_141' title='bbox 526 1854 737 1917; x_wconf 88' lang='lat' dir='ltr'>sacerdotibus</span> <span class='ocrx_word' id='word_1_142' title='bbox 771 1858 897 1918; x_wconf 87' lang='lat' dir='ltr'>indicari</span> <span class='ocrx_word' id='word_1_143' title='bbox 928 1860 1118 1924; x_wconf 88' lang='lat' dir='ltr'>confessione</span> <span class='ocrx_word' id='word_1_144' title='bbox 1129 1863 1269 1906; x_wconf 70' lang='lat' dir='ltr'>cantusare,</span> 
     </span>
     <span class='ocr_line' id='line_1_19' title="bbox 58 1931 1240 2022; baseline 0.005 -21"><span class='ocrx_word' id='word_1_145' title='bbox 58 1951 186 2001; x_wconf 84' lang='lat' dir='ltr'>secreta.</span> <span class='ocrx_word' id='word_1_146' title='bbox 230 1940 371 2015; x_wconf 87' lang='lat' dir='ltr'>Quamvis</span> <span class='ocrx_word' id='word_1_147' title='bbox 393 1941 471 1998; x_wconf 92' lang='lat' dir='ltr'>enim</span> <span class='ocrx_word' id='word_1_148' title='bbox 492 1939 651 2022; x_wconf 88' lang='lat' dir='ltr'>plenitudo</span> <span class='ocrx_word' id='word_1_149' title='bbox 672 1931 746 1999; x_wconf 84' lang='lat' dir='ltr'>fidei</span> <span class='ocrx_word' id='word_1_150' title='bbox 767 1940 907 2002; x_wconf 87' lang='lat' dir='ltr'>videatur</span> <span class='ocrx_word' id='word_1_151' title='bbox 927 1964 989 2004; x_wconf 89' lang='lat' dir='ltr'>esse</span> <span class='ocrx_word' id='word_1_152' title='bbox 1010 1943 1124 2015; x_wconf 51' lang='lat' dir='ltr'>laudae</span> <span class='ocrx_word' id='word_1_153' title='bbox 1163 1994 1168 2013; x_wconf 72' lang='lat'>,</span> <span class='ocrx_word' id='word_1_154' title='bbox 1239 1931 1240 1934; x_wconf 8' lang='grc' dir='ltr'><strong>Ἴ</strong></span> 
     </span>
     <span class='ocr_line' id='line_1_20' title="bbox 55 2022 1120 2106; baseline 0.007 -22"><span class='ocrx_word' id='word_1_155' title='bbox 55 2023 152 2099; x_wconf 85' lang='lat' dir='ltr'>bilis,</span> <span class='ocrx_word' id='word_1_156' title='bbox 186 2044 263 2104; x_wconf 89' lang='lat' dir='ltr'>quae</span> <span class='ocrx_word' id='word_1_157' title='bbox 284 2033 413 2105; x_wconf 90' lang='lat' dir='ltr'>propter</span> <span class='ocrx_word' id='word_1_158' title='bbox 432 2022 491 2080; x_wconf 91' lang='lat' dir='ltr'>Dei</span> <span class='ocrx_word' id='word_1_159' title='bbox 508 2025 648 2082; x_wconf 87' lang='lat' dir='ltr'>timorem</span> <span class='ocrx_word' id='word_1_160' title='bbox 679 2023 761 2106; x_wconf 91' lang='lat' dir='ltr'>apud</span> <span class='ocrx_word' id='word_1_161' title='bbox 781 2023 917 2087; x_wconf 88' lang='lat' dir='ltr'>homines</span> <span class='ocrx_word' id='word_1_162' title='bbox 939 2028 1120 2092; x_wconf 87' lang='lat' dir='ltr'>erubescere</span> 
     </span>
    </p>

    <p class='ocr_par' dir='ltr' id='par_1_7' title="bbox 56 2107 1120 2196">
     <span class='ocr_line' id='line_1_21' title="bbox 56 2107 1120 2196; baseline 0.006 -27"><span class='ocrx_word' id='word_1_163' title='bbox 56 2129 121 2169; x_wconf 88' lang='lat' dir='ltr'>non</span> <span class='ocrx_word' id='word_1_164' title='bbox 143 2120 278 2182; x_wconf 86' lang='lat' dir='ltr'>veretur,</span> <span class='ocrx_word' id='word_1_165' title='bbox 300 2119 408 2181; x_wconf 88' lang='lat' dir='ltr'>tamen,</span> <span class='ocrx_word' id='word_1_166' title='bbox 432 2107 577 2186; x_wconf 86' lang='lat' dir='ltr'>quianon</span> <span class='ocrx_word' id='word_1_167' title='bbox 594 2109 735 2185; x_wconf 90' lang='lat' dir='ltr'>omnium</span> <span class='ocrx_word' id='word_1_168' title='bbox 754 2107 934 2190; x_wconf 77' lang='lat' dir='ltr'>hujusmodi</span> <span class='ocrx_word' id='word_1_169' title='bbox 954 2127 1028 2189; x_wconf 80' lang='lat' dir='ltr'>sunt</span> <span class='ocrx_word' id='word_1_170' title='bbox 1046 2134 1120 2196; x_wconf 89' lang='lat' dir='ltr'>pec·</span> 
     </span>
    </p>

    <p class='ocr_par' dir='ltr' id='par_1_8' title="bbox 59 2191 1233 2443">
     <span class='ocr_line' id='line_1_22' title="bbox 59 2191 1122 2278; baseline 0.005 -27"><span class='ocrx_word' id='word_1_171' title='bbox 59 2204 149 2266; x_wconf 85' lang='lat' dir='ltr'>cata,</span> <span class='ocrx_word' id='word_1_172' title='bbox 182 2203 217 2251; x_wconf 89' lang='lat' dir='ltr'>ut</span> <span class='ocrx_word' id='word_1_173' title='bbox 241 2210 296 2266; x_wconf 88' lang='lat' dir='ltr'>ea,</span> <span class='ocrx_word' id='word_1_174' title='bbox 319 2191 370 2271; x_wconf 90' lang='lat' dir='ltr'>qui</span> <span class='ocrx_word' id='word_1_175' title='bbox 392 2191 610 2272; x_wconf 88' lang='lat' dir='ltr'>poenitentiam</span> <span class='ocrx_word' id='word_1_176' title='bbox 631 2203 783 2272; x_wconf 89' lang='lat' dir='ltr'>poscunt,</span> <span class='ocrx_word' id='word_1_177' title='bbox 806 2215 869 2254; x_wconf 90' lang='lat' dir='ltr'>non</span> <span class='ocrx_word' id='word_1_178' title='bbox 891 2196 1015 2255; x_wconf 89' lang='lat' dir='ltr'>timeant</span> <span class='ocrx_word' id='word_1_179' title='bbox 1036 2198 1122 2278; x_wconf 89' lang='lat' dir='ltr'>pub-</span> 
     </span>
     <span class='ocr_line' id='line_1_23' title="bbox 60 2272 1233 2357; baseline 0.003 -23"><span class='ocrx_word' id='word_1_180' title='bbox 60 2275 171 2349; x_wconf 88' lang='lat' dir='ltr'>licare,</span> <span class='ocrx_word' id='word_1_181' title='bbox 200 2285 389 2334; x_wconf 86' lang='lat' dir='ltr'>removeatur</span> <span class='ocrx_word' id='word_1_182' title='bbox 417 2272 485 2333; x_wconf 81' lang='lat' dir='ltr'>tam&#39;</span> <span class='ocrx_word' id='word_1_183' title='bbox 499 2273 713 2356; x_wconf 81' lang='lat' dir='ltr'>improbabilis</span> <span class='ocrx_word' id='word_1_184' title='bbox 745 2276 935 2336; x_wconf 90' lang='lat' dir='ltr'>consuetudo</span> <span class='ocrx_word' id='word_1_185' title='bbox 948 2319 965 2348; x_wconf 64' lang='grc'>,,</span> <span class='ocrx_word' id='word_1_186' title='bbox 979 2299 1017 2337; x_wconf 92' lang='lat' dir='ltr'>ne</span> <span class='ocrx_word' id='word_1_187' title='bbox 1034 2280 1124 2338; x_wconf 89' lang='lat' dir='ltr'>multi</span> <span class='ocrx_word' id='word_1_188' title='bbox 1172 2336 1179 2357; x_wconf 65' lang='grc'><strong>,</strong></span> <span class='ocrx_word' id='word_1_189' title='bbox 1230 2317 1233 2320; x_wconf 88' lang='lat'><em>-</em></span> 
     </span>
     <span class='ocr_line' id='line_1_24' title="bbox 64 2356 1124 2443; baseline 0.004 -25"><span class='ocrx_word' id='word_1_190' title='bbox 64 2360 304 2443; x_wconf 78' lang='lat' dir='ltr'>opoenitentiae</span> <span class='ocrx_word' id='word_1_191' title='bbox 336 2358 476 2417; x_wconf 87' lang='lat' dir='ltr'>remediis</span> <span class='ocrx_word' id='word_1_192' title='bbox 511 2367 692 2432; x_wconf 89' lang='lat' dir='ltr'>arceantur,</span> <span class='ocrx_word' id='word_1_193' title='bbox 734 2356 808 2414; x_wconf 89' lang='lat' dir='ltr'>dum</span> <span class='ocrx_word' id='word_1_194' title='bbox 840 2371 895 2417; x_wconf 85' lang='lat' dir='ltr'>aut</span> <span class='ocrx_word' id='word_1_195' title='bbox 927 2358 1124 2437; x_wconf 84' lang='lat' dir='ltr'>erubescunt,</span> 
     </span>
    </p>

    <p class='ocr_par' dir='ltr' id='par_1_9' title="bbox 60 2437 1150 2607">
     <span class='ocr_line' id='line_1_25' title="bbox 62 2437 1150 2526; baseline 0.002 -25"><span class='ocrx_word' id='word_1_196' title='bbox 62 2452 117 2501; x_wconf 89' lang='lat' dir='ltr'>aut</span> <span class='ocrx_word' id='word_1_197' title='bbox 140 2455 277 2503; x_wconf 89' lang='lat' dir='ltr'>metuunt</span> <span class='ocrx_word' id='word_1_198' title='bbox 304 2442 432 2500; x_wconf 90' lang='lat' dir='ltr'>inimicis</span> <span class='ocrx_word' id='word_1_199' title='bbox 459 2442 522 2498; x_wconf 90' lang='lat' dir='ltr'>suis</span> <span class='ocrx_word' id='word_1_200' title='bbox 544 2459 598 2496; x_wconf 89' lang='lat' dir='ltr'>sua</span> <span class='ocrx_word' id='word_1_201' title='bbox 617 2437 698 2498; x_wconf 89' lang='lat' dir='ltr'>facta</span> <span class='ocrx_word' id='word_1_202' title='bbox 719 2458 875 2516; x_wconf 85' lang='lat' dir='ltr'>reserare,</span> <span class='ocrx_word' id='word_1_203' title='bbox 907 2440 1020 2520; x_wconf 87' lang='lat' dir='ltr'>quibus</span> <span class='ocrx_word' id='word_1_204' title='bbox 1049 2465 1150 2526; x_wconf 84' lang='lat' dir='ltr'>pos--</span> 
     </span>
     <span class='ocr_line' id='line_1_26' title="bbox 60 2518 1125 2607; baseline 0.002 -22"><span class='ocrx_word' id='word_1_205' title='bbox 60 2535 129 2586; x_wconf 85' lang='lat' dir='ltr'>sent</span> <span class='ocrx_word' id='word_1_206' title='bbox 150 2526 248 2607; x_wconf 81' lang='lat' dir='ltr'>legum</span> <span class='ocrx_word' id='word_1_207' title='bbox 269 2525 489 2584; x_wconf 88' lang='lat' dir='ltr'>constitutione</span> <span class='ocrx_word' id='word_1_208' title='bbox 508 2518 643 2602; x_wconf 83' lang='lat' dir='ltr'>percelli.</span> <span class='ocrx_word' id='word_1_209' title='bbox 681 2519 806 2594; x_wconf 68' lang='lat' dir='ltr'>¹Sufficit</span> <span class='ocrx_word' id='word_1_210' title='bbox 827 2524 906 2581; x_wconf 83' lang='lat' dir='ltr'>enim</span> <span class='ocrx_word' id='word_1_211' title='bbox 928 2524 979 2583; x_wconf 89' lang='lat' dir='ltr'>illa</span> <span class='ocrx_word' id='word_1_212' title='bbox 1001 2528 1125 2587; x_wconf 85' lang='lat' dir='ltr'>confes-</span> 
     </span>
    </p>

    <p class='ocr_par' dir='ltr' id='par_1_10' title="bbox 59 2603 1123 2693">
     <span class='ocr_line' id='line_1_27' title="bbox 59 2603 1123 2693; baseline 0.002 -24"><span class='ocrx_word' id='word_1_213' title='bbox 59 2612 130 2684; x_wconf 88' lang='lat' dir='ltr'>sio,</span> <span class='ocrx_word' id='word_1_214' title='bbox 153 2612 382 2691; x_wconf 73' lang='lat' dir='ltr'>quamprimum</span> <span class='ocrx_word' id='word_1_215' title='bbox 405 2607 473 2663; x_wconf 90' lang='lat' dir='ltr'>Deo</span> <span class='ocrx_word' id='word_1_216' title='bbox 495 2603 641 2678; x_wconf 87' lang='lat' dir='ltr'>offertur,</span> <span class='ocrx_word' id='word_1_217' title='bbox 675 2613 751 2663; x_wconf 86' lang='lat' dir='ltr'>tunc</span> <span class='ocrx_word' id='word_1_218' title='bbox 772 2612 860 2671; x_wconf 87' lang='lat' dir='ltr'>etiam</span> <span class='ocrx_word' id='word_1_219' title='bbox 879 2609 1045 2684; x_wconf 79' lang='lat' dir='ltr'>sacerdoti,</span> <span class='ocrx_word' id='word_1_220' title='bbox 1070 2613 1123 2693; x_wconf 92' lang='lat' dir='ltr'>qul</span> 
     </span>
    </p>

    <p class='ocr_par' dir='ltr' id='par_1_11' title="bbox 17 2688 1124 2864">
     <span class='ocr_line' id='line_1_28' title="bbox 17 2688 1123 2776; baseline 0.002 -24"><span class='ocrx_word' id='word_1_221' title='bbox 17 2733 22 2742; x_wconf 85' lang='lat'><strong>·</strong></span> <span class='ocrx_word' id='word_1_222' title='bbox 58 2713 120 2776; x_wconf 91' lang='lat' dir='ltr'>pro</span> <span class='ocrx_word' id='word_1_223' title='bbox 143 2691 259 2757; x_wconf 90' lang='lat' dir='ltr'>delictis</span> <span class='ocrx_word' id='word_1_224' title='bbox 281 2690 665 2772; x_wconf 81' lang='lat' dir='ltr'>poenitentium-peccator</span> <span class='ocrx_word' id='word_1_225' title='bbox 686 2688 829 2761; x_wconf 74' lang='lat' dir='ltr'>accedit.¹</span> <span class='ocrx_word' id='word_1_226' title='bbox 861 2692 949 2752; x_wconf 89' lang='lat' dir='ltr'>Tunc</span> <span class='ocrx_word' id='word_1_227' title='bbox 970 2693 1048 2752; x_wconf 89' lang='lat' dir='ltr'>euim</span> <span class='ocrx_word' id='word_1_228' title='bbox 1067 2695 1123 2755; x_wconf 89' lang='lat' dir='ltr'>dc·</span> 
     </span>
     <span class='ocr_line' id='line_1_29' title="bbox 58 2771 1124 2864; baseline 0.005 -28"><span class='ocrx_word' id='word_1_229' title='bbox 58 2797 143 2837; x_wconf 91' lang='lat' dir='ltr'>mum</span> <span class='ocrx_word' id='word_1_230' title='bbox 163 2775 265 2859; x_wconf 89' lang='lat' dir='ltr'>plures</span> <span class='ocrx_word' id='word_1_231' title='bbox 297 2773 335 2831; x_wconf 90' lang='lat' dir='ltr'>ad</span> <span class='ocrx_word' id='word_1_232' title='bbox 356 2771 572 2852; x_wconf 87' lang='lat' dir='ltr'>poenitentiam</span> <span class='ocrx_word' id='word_1_233' title='bbox 588 2780 731 2852; x_wconf 90' lang='lat' dir='ltr'>poterunt</span> <span class='ocrx_word' id='word_1_234' title='bbox 751 2775 939 2858; x_wconf 78' lang='lat' dir='ltr'>provocari,</span> <span class='ocrx_word' id='word_1_235' title='bbox 968 2775 994 2839; x_wconf 87' lang='lat' dir='ltr'>si</span> <span class='ocrx_word' id='word_1_236' title='bbox 1014 2780 1124 2864; x_wconf 89' lang='lat' dir='ltr'>populi</span> 
     </span>
    </p>
   </div>
   <div class='ocr_carea' id='block_1_6' title="bbox 59 2855 901 2937">
    <p class='ocr_par' dir='ltr' id='par_1_12' title="bbox 59 2855 901 2937">
     <span class='ocr_line' id='line_1_30' title="bbox 59 2855 901 2937; baseline 0 -16"><span class='ocrx_word' id='word_1_237' title='bbox 59 2859 187 2921; x_wconf 86' lang='lat' dir='ltr'>auribus</span> <span class='ocrx_word' id='word_1_238' title='bbox 218 2877 282 2916; x_wconf 91' lang='lat' dir='ltr'>non</span> <span class='ocrx_word' id='word_1_239' title='bbox 302 2855 479 2937; x_wconf 86' lang='lat' dir='ltr'>publicetur</span> <span class='ocrx_word' id='word_1_240' title='bbox 512 2857 698 2918; x_wconf 78' lang='lat' dir='ltr'>conscientia</span> <span class='ocrx_word' id='word_1_241' title='bbox 718 2857 901 2922; x_wconf 81' lang='lat' dir='ltr'>confitentis.</span> 
     </span>
    </p>
   </div>
   <div class='ocr_carea' id='block_1_7' title="bbox 546 3021 638 3140">
    <p class='ocr_par' dir='ltr' id='par_1_13' title="bbox 546 3021 638 3140">
     <span class='ocr_line' id='line_1_31' title="bbox 546 3021 638 3140; baseline -0.022 0"><span class='ocrx_word' id='word_1_242' title='bbox 546 3021 638 3140; x_wconf 68' lang='lat' dir='ltr'>&#39;vn</span> 
     </span>
    </p>
   </div>
   <div class='ocr_carea' id='block_1_8' title="bbox 64 3192 1123 3361">
    <p class='ocr_par' dir='ltr' id='par_1_14' title="bbox 64 3192 1123 3361">
     <span class='ocr_line' id='line_1_32' title="bbox 64 3192 1123 3361; baseline 0.007 -36"><span class='ocrx_word' id='word_1_243' title='bbox 64 3236 178 3356; x_wconf 85' lang='lat' dir='ltr'>Quid</span> <span class='ocrx_word' id='word_1_244' title='bbox 206 3262 329 3357; x_wconf 90' lang='lat' dir='ltr'>porro</span> <span class='ocrx_word' id='word_1_245' title='bbox 361 3226 412 3323; x_wconf 86' lang='lat' dir='ltr'>dc</span> <span class='ocrx_word' id='word_1_246' title='bbox 440 3210 719 3328; x_wconf 54' lang='lat' dir='ltr'>¹satisfactione</span> <span class='ocrx_word' id='word_1_247' title='bbox 747 3192 1006 3361; x_wconf 66' lang='lat' dir='ltr'>sentiendum</span> <span class='ocrx_word' id='word_1_248' title='bbox 1034 3244 1123 3332; x_wconf 71' lang='lat' dir='ltr'>est?</span> 
     </span>
    </p>
   </div>
   <div class='ocr_carea' id='block_1_9' title="bbox 162 3451 1301 3601">
    <p class='ocr_par' dir='ltr' id='par_1_15' title="bbox 162 3451 1301 3601">
     <span class='ocr_line' id='line_1_33' title="bbox 162 3451 1299 3591; baseline 0.007 -65"><span class='ocrx_word' id='word_1_249' title='bbox 162 3455 208 3526; x_wconf 83' lang='lat' dir='ltr'>A.</span> <span class='ocrx_word' id='word_1_250' title='bbox 259 3452 303 3524; x_wconf 91' lang='lat' dir='ltr'>Id</span> <span class='ocrx_word' id='word_1_251' title='bbox 334 3451 526 3540; x_wconf 82' lang='lat' dir='ltr'>videlicet,</span> <span class='ocrx_word' id='word_1_252' title='bbox 566 3453 668 3552; x_wconf 87' lang='lat' dir='ltr'>quod</span> <span class='ocrx_word' id='word_1_253' title='bbox 702 3454 775 3526; x_wconf 87' lang='lat' dir='ltr'>alia</span> <span class='ocrx_word' id='word_1_254' title='bbox 810 3455 1299 3591; x_wconf 51' lang='lat' dir='ltr'>christi·p„,0„1„,;3„3,‚„m„</span> 
     </span>
     <span class='ocr_line' id='line_1_34' title="bbox 988 3560 1301 3601; baseline 0.022 -15"><span class='ocrx_word' id='word_1_255' title='bbox 988 3574 993 3586; x_wconf 93' lang='grc'><em>,</em></span> <span class='ocrx_word' id='word_1_256' title='bbox 1029 3560 1101 3601; x_wconf 72' lang='lat' dir='ltr'>erum·</span> <span class='ocrx_word' id='word_1_257' title='bbox 1135 3562 1217 3592; x_wconf 59' lang='lat' dir='ltr'>atita.</span> <span class='ocrx_word' id='word_1_258' title='bbox 1263 3566 1301 3595; x_wconf 66' lang='lat' dir='ltr'>ta-</span> 
     </span>
    </p>
   </div>
   <div class='ocr_carea' id='block_1_10' title="bbox 68 3575 1332 3678">
    <p class='ocr_par' dir='ltr' id='par_1_16' title="bbox 68 3575 1332 3678">
     <span class='ocr_line' id='line_1_35' title="bbox 68 3575 1332 3678; baseline -0.002 -29"><span class='ocrx_word' id='word_1_259' title='bbox 68 3575 315 3675; x_wconf 85' lang='lat' dir='ltr'>redemptoris</span> <span class='ocrx_word' id='word_1_260' title='bbox 352 3575 529 3673; x_wconf 85' lang='lat' dir='ltr'>propria,</span> <span class='ocrx_word' id='word_1_261' title='bbox 571 3577 644 3649; x_wconf 86' lang='lat' dir='ltr'>alia</span> <span class='ocrx_word' id='word_1_262' title='bbox 676 3575 837 3649; x_wconf 86' lang='lat' dir='ltr'>fidelium</span> <span class='ocrx_word' id='word_1_263' title='bbox 862 3595 1299 3677; x_wconf 70' lang='lat' dir='ltr'>poe·⁸t10r·12·uraaaa.</span> <span class='ocrx_word' id='word_1_264' title='bbox 1329 3671 1332 3678; x_wconf 13' lang='grc' dir='ltr'><strong><em>ἢ</em></strong></span> 
     </span>
    </p>
   </div>
   <div class='ocr_carea' id='block_1_11' title="bbox 971 3646 1081 3689">
    <p class='ocr_par' dir='ltr' id='par_1_17' title="bbox 971 3646 1081 3689">
     <span class='ocr_line' id='line_1_36' title="bbox 971 3646 1081 3689; baseline 0.036 -4"><span class='ocrx_word' id='word_1_265' title='bbox 971 3646 1081 3689; x_wconf 77' lang='lat' dir='ltr'>rioribus.</span> 
     </span>
    </p>
   </div>
   <div class='ocr_carea' id='block_1_12' title="bbox 66 3691 951 3796">
    <p class='ocr_par' dir='ltr' id='par_1_18' title="bbox 66 3691 951 3796">
     <span class='ocr_line' id='line_1_37' title="bbox 66 3691 951 3796; baseline -0.006 -22"><span class='ocrx_word' id='word_1_266' title='bbox 66 3691 260 3796; x_wconf 74' lang='lat' dir='ltr'>nitentium</span> <span class='ocrx_word' id='word_1_267' title='bbox 296 3699 499 3770; x_wconf 85' lang='lat' dir='ltr'>communis</span> <span class='ocrx_word' id='word_1_268' title='bbox 535 3698 584 3771; x_wconf 86' lang='lat' dir='ltr'>sit</span> <span class='ocrx_word' id='word_1_269' title='bbox 607 3699 820 3772; x_wconf 83' lang='lat' dir='ltr'>satisfactio.</span> <span class='ocrx_word' id='word_1_270' title='bbox 882 3699 951 3774; x_wconf 91' lang='lat' dir='ltr'>llla</span> 
     </span>
    </p>
   </div>
   <div class='ocr_carea' id='block_1_13' title="bbox 57 3819 1308 3945">
    <p class='ocr_par' dir='ltr' id='par_1_19' title="bbox 57 3819 1308 3945">
     <span class='ocr_line' id='line_1_38' title="bbox 57 3819 1308 3945; baseline -0.004 -49"><span class='ocrx_word' id='word_1_271' title='bbox 57 3820 209 3896; x_wconf 76' lang='lat' dir='ltr'>&#39;samel¹</span> <span class='ocrx_word' id='word_1_272' title='bbox 233 3822 282 3921; x_wconf 89' lang='lat' dir='ltr'>in</span> <span class='ocrx_word' id='word_1_273' title='bbox 298 3845 459 3920; x_wconf 86' lang='lat' dir='ltr'>corporo</span> <span class='ocrx_word' id='word_1_274' title='bbox 484 3822 619 3893; x_wconf 85' lang='lat' dir='ltr'>Christi</span> <span class='ocrx_word' id='word_1_275' title='bbox 644 3819 827 3913; x_wconf 84' lang='lat' dir='ltr'>crucifixi,</span> <span class='ocrx_word' id='word_1_276' title='bbox 866 3821 953 3893; x_wconf 90' lang='lat' dir='ltr'>dum</span> <span class='ocrx_word' id='word_1_277' title='bbox 976 3833 1308 3945; x_wconf 49' lang='lat' dir='ltr'>{ldflissfi’nffgq&#39;ssfiss</span> 
     </span>
    </p>
   </div>
   <div class='ocr_carea' id='block_1_14' title="bbox 74 3938 1308 4052">
    <p class='ocr_par' dir='ltr' id='par_1_20' title="bbox 74 3938 1308 4052">
     <span class='ocr_line' id='line_1_39' title="bbox 74 3938 1308 4052; baseline -0.015 -35"><span class='ocrx_word' id='word_1_278' title='bbox 74 3967 197 4052; x_wconf 22' lang='lat' dir='ltr'>agnus·</span> <span class='ocrx_word' id='word_1_279' title='bbox 226 3944 290 4017; x_wconf 90' lang='lat' dir='ltr'>illo</span> <span class='ocrx_word' id='word_1_280' title='bbox 324 3946 452 4019; x_wconf 89' lang='lat' dir='ltr'>mundi</span> <span class='ocrx_word' id='word_1_281' title='bbox 488 3961 643 4046; x_wconf 87' lang='lat' dir='ltr'>peccata</span> <span class='ocrx_word' id='word_1_282' title='bbox 665 3943 769 4035; x_wconf 92' lang='lat' dir='ltr'>tulit,</span> <span class='ocrx_word' id='word_1_283' title='bbox 805 3959 958 4044; x_wconf 83' lang='lat' dir='ltr'>peracta</span> <span class='ocrx_word' id='word_1_284' title='bbox 981 3941 1005 3982; x_wconf 85' lang='lat'>¹·</span> <span class='ocrx_word' id='word_1_285' title='bbox 1018 3938 1116 4013; x_wconf 58' lang='grc' dir='ltr'>’Μ</span> <span class='ocrx_word' id='word_1_286' title='bbox 1130 3947 1154 3988; x_wconf 86' lang='lat'>2·</span> <span class='ocrx_word' id='word_1_287' title='bbox 1163 3943 1232 3984; x_wconf 69' lang='lat'>³⁰³²·</span> <span class='ocrx_word' id='word_1_288' title='bbox 1241 3949 1308 4000; x_wconf 61' lang='lat' dir='ltr'>aaa·</span> 
     </span>
    </p>
   </div>
   <div class='ocr_carea' id='block_1_15' title="bbox 75 4065 1311 4182">
    <p class='ocr_par' dir='ltr' id='par_1_21' title="bbox 75 4065 1311 4182">
     <span class='ocr_line' id='line_1_40' title="bbox 75 4065 1311 4182; baseline 0.009 -44"><span class='ocrx_word' id='word_1_289' title='bbox 75 4081 152 4156; x_wconf 86' lang='lat' dir='ltr'>cst,</span> <span class='ocrx_word' id='word_1_290' title='bbox 189 4083 232 4138; x_wconf 89' lang='lat' dir='ltr'>ut</span> <span class='ocrx_word' id='word_1_291' title='bbox 266 4070 331 4166; x_wconf 88' lang='lat' dir='ltr'>qui</span> <span class='ocrx_word' id='word_1_292' title='bbox 354 4088 486 4144; x_wconf 87' lang='lat' dir='ltr'>natura</span> <span class='ocrx_word' id='word_1_293' title='bbox 510 4086 596 4142; x_wconf 82' lang='lat' dir='ltr'>sunt</span> <span class='ocrx_word' id='word_1_294' title='bbox 638 4068 716 4141; x_wconf 84' lang='lat' dir='ltr'>irae</span> <span class='ocrx_word' id='word_1_295' title='bbox 741 4065 833 4152; x_wconf 78' lang='lat' dir='ltr'>filii,</span> <span class='ocrx_word' id='word_1_296' title='bbox 876 4066 1311 4182; x_wconf 47' lang='lat' dir='ltr'>Deo&#39;fflfpffigpsspysspgffffss}</span> 
     </span>
    </p>
   </div>
   <div class='ocr_carea' id='block_1_16' title="bbox 72 4177 1312 4291">
    <p class='ocr_par' dir='ltr' id='par_1_22' title="bbox 72 4177 1312 4291">
     <span class='ocr_line' id='line_1_41' title="bbox 72 4177 1312 4291; baseline 0.007 -26"><span class='ocrx_word' id='word_1_297' title='bbox 72 4188 385 4269; x_wconf 71' lang='lat' dir='ltr'>reconciliantura</span> <span class='ocrx_word' id='word_1_298' title='bbox 405 4197 515 4288; x_wconf 21' lang='lat' dir='ltr'>*Haeo-</span> <span class='ocrx_word' id='word_1_299' title='bbox 540 4216 650 4280; x_wconf 66' lang='grc' dir='ltr'><strong><em>πετο,</em></strong></span> <span class='ocrx_word' id='word_1_300' title='bbox 687 4208 783 4290; x_wconf 80' lang='lat' dir='ltr'>quae</span> <span class='ocrx_word' id='word_1_301' title='bbox 807 4184 960 4291; x_wconf 85' lang='lat' dir='ltr'>adpoc-</span> <span class='ocrx_word' id='word_1_302' title='bbox 983 4177 1312 4285; x_wconf 46' lang='lat' dir='ltr'>liiffllalilddtalilil&#39;</span> 
     </span>
    </p>
   </div>
   <div class='ocr_carea' id='block_1_17' title="bbox 130 4329 920 4399">
    <p class='ocr_par' dir='ltr' id='par_1_23' title="bbox 130 4329 920 4399">
     <span class='ocr_line' id='line_1_42' title="bbox 130 4329 920 4399; baseline 0.008 -28"><span class='ocrx_word' id='word_1_303' title='bbox 130 4329 281 4399; x_wconf 56' lang='lat' dir='ltr'>massata.</span> <span class='ocrx_word' id='word_1_304' title='bbox 297 4333 328 4377; x_wconf 82' lang='lat' dir='ltr'>aa</span> <span class='ocrx_word' id='word_1_305' title='bbox 875 4331 920 4394; x_wconf 80' lang='lat'>19</span> 
     </span>
    </p>
   </div>
   <div class='ocr_carea' id='block_1_18' title="bbox 0 0 1400 4792">
    <p class='ocr_par' dir='ltr' id='par_1_24' title="bbox 0 0 1400 4792">
     <span class='ocr_line' id='line_1_43' title="bbox 0 0 1400 4792; baseline 0 2"><span class='ocrx_word' id='word_1_306' title='bbox 0 0 1400 4792; x_wconf 95' lang='lat' dir='ltr'> </span> 
     </span>
    </p>
   </div>
  </div>
 </body>
</html>
