2782 4786
376 410 378 415 .
436 290 736 415 oanrrtts.
778 356 832 413 ετ..
1039 356 1120 429 ⁸411

10 582 15 603 .
54 537 167 619 major.
210 535 369 620 Siquidem
390 534 443 614 id,
465 530 554 617 quod
573 532 675 595 minus
692 542 754 611 est,
774 531 1019 599 benedictionem
1038 538 1284 624 acci-11„,‚,‚,‚

10 645 19 681 ι
57 626 111 710 pit
129 622 174 683 ab
194 642 255 698 eo,
277 622 361 702 quod
381 621 585 702 praestantius
608 629 663 679 est.

10 730 15 767 ι
49 730 52 735 ·
144 720 175 774 5.
218 704 453 789 Graeculus
496 723 587 764 curae
623 701 789 785 pastoralis
817 715 907 784 parte
940 721 969 772 2.
991 713 1058 790 c'ap.
1080 719 1149 785 a,

10 793 18 852 l
55 791 178 853 docens
200 809 235 850 ex
268 791 358 850 sacris
391 787 487 848 literis
509 786 668 867 quomodo
691 786 834 847 sacerdos
860 802 891 847 et
921 794 1122 852 concionator
1205 842 1208 847 ,

10 902 14 937 r
56 875 148 955 loqui
179 886 209 935 et
239 873 415 956 praedicare
446 872 556 931 debeat
583 892 652 931 cum
674 871 876 953 discretione,
906 873 984 932 inter
1005 888 1123 936 caetera

10 986 14 1021 ι
59 961 108 1021 sic
128 961 189 1019 ait:
223 957 389 1019 Praeconis
418 955 552 1016 officium
586 957 734 1040 suscipit,
758 957 905 1038 quisquis,
921 957 960 1015 ad
981 958 1125 1018 sacerdo·

54 1044 136 1104 tium
162 1040 312 1103 accedit.v
586 1078 589 1085 .
1018 1092 1021 1097 .

10 1184 13 1193 ,
143 1139 173 1193 6.
214 1123 443 1186 CYPRIANUS
465 1121 519 1182 lib.
543 1136 570 1191 1.
593 1123 682 1205 epist·
702 1136 732 1192 5.
755 1125 794 1184 ad
817 1113 1026 1184 Cornelium
1051 1127 1123 1202 Quo
1147 1141 1285 1186 Sacerdotes

25 1234 28 1239 ·
53 1208 170 1273 modo·
189 1222 319 1293 possunt
351 1228 516 1269 censuram-
528 1209 652 1268 Domini
675 1207 785 1269 ultoris
805 1209 949 1284 evadere,
981 1211 1035 1290 qui
1055 1209 1128 1269 talia
1136 1191 1290 1235 ΝΟΜ·

10 1342 12 1347 .
54 1294 202 1375 ingerunt
222 1315 285 1354 non
307 1291 404 1352 solum
426 1293 594 1368 fratribus,
621 1291 676 1375 sed
696 1292 980 1369 et‘sacerdotibus,
1014 1294 1127 1374 quibua

53 1374 162 1439 bonor
186 1390 289 1438 tantus
312 1375 350 1436 de
369 1377 428 1436 Dei
451 1377 626 1460 dignatione
646 1378 839 1453 conceditur,
861 1388 897 1437 ut
917 1379 1054 1458 quisquis
1076 1399 1128 1438 sa-

56 1461 180 1522 cerdoti
203 1464 290 1542 ejus,
312 1472 342 1520 et
362 1460 402 1520 ad
422 1473 541 1544 tempus
564 1459 615 1520 hic
631 1460 784 1541 judicanti
807 1482 868 1521 nou
890 1461 1144 1543 obtemperaret,

55 1547 161 1607 statim
205 1544 382 1604 necaretur?
436 1545 473 1603 ln
520 1546 767 1604 Deuteronomio
802 1544 942 1627 loquitur
975 1546 1127 1606 Dominus

56 1629 168 1703 Deus,
192 1628 314 1689 dicens:
337 1629 378 1689 Et
399 1628 493 1688 homo
516 1629 824 1710 quicunquefecerit
845 1632 876 1705 in
897 1629 1058 1711 superbia,
1092 1630 1299 1694 utronettsla·

58 1732 127 1771 non
149 1712 289 1772 exaudiat
310 1713 499 1772 sacerdotem
521 1725 573 1772 aut
593 1714 751 1794 jndicem,
786 1715 961 1795 quicunque
981 1714 1075 1773 fuerit
1095 1715 1126 1773 in

58 1795 171 1855 diebus
203 1795 281 1872 illis,
310 1799 459 1856 morietur
488 1797 582 1857 homo
607 1796 678 1873 ille,
714 1808 744 1856 et
764 1800 861 1857 omnis
877 1798 1033 1878 populus,
1056 1819 1126 1856 cum

59 1876 211 1956 audierit,
232 1880 370 1956 timebit,
399 1893 429 1940 et
449 1903 510 1940 uon
531 1878 618 1964 ageni
639 1883 732 1963 impie
753 1883 843 1940 etiam
865 1902 975 1940 nunc..
999 1883 1039 1940 Et
1059 1903 1125 1962 quat

59 1961 354 2105 fusiusBsequuntur
374 1986 464 2048 supra
486 1965 524 2025 de
544 1966 717 2048 praeceptis
739 1965 912 2042 Ecclesiae,
948 1967 1125 2046 quaestione
1229 1960 1233 1965 ’

60 2057 132 2120 db,
179 2059 239 2112 ·8·
363 2086 368 2097 ¹
700 2084 704 2091 ·
794 2076 797 2081 ’
1023 2086 1026 2099 ¹

145 2141 173 2196 7.
217 2128 324 2207 IDEM
346 2129 399 2188 tib.
422 2143 451 2198 ὅ.
477 2133 565 2212 epist.
599 2143 631 2200 9.
658 2129 697 2192 ad
727 2118 941 2215 Rogatianum:
972 2131 1123 2192 Dominus
1134 2138 1203 2177 Dent·
1206 2140 1297 2224 ,tm-

58 2211 144 2271 Deus
165 2213 197 2271 in
219 2212 459 2274 Deuteronomio
482 2215 574 2279 dicit:
594 2216 635 2275 Et
655 2214 749 2276 homo
760 2260 762 2265 .
774 2217 962 2296 quicunque⁴
979 2215 1070 2274 fuerit
1081 2218 1122 2273 in
1134 2187 1286 2292 iiliiaiim

61 2295 221 2376 snperbia,
252 2310 288 2357 ut
321 2319 382 2358 nou
417 2300 556 2359 exandiat
579 2299 768 2360 sacerdotem
782 2310 844 2358 aut
863 2301 1018 2378 judicem,
1037 2301 1123 2377 qni·
1131 2288 1275 2371 ξξζξῖζῗξῑῖ,

63 2398 183 2460 cunque
201 2381 297 2442 fuerit
321 2385 352 2461 in
378 2383 487 2442 diebus
510 2383 593 2456 illis,
612 2384 763 2442 morietur
788 2381 881 2440 homo
905 2380 974 2439 illc:
1003 2390 1033 2438 et
1054 2379 1285 2466 cmggurfffilss

59 2467 109 2524 nis
143 2466 298 2548 populus,
331 2487 400 2526 cum
429 2466 585 2538 audierit,
619 2463 758 2536 timebit,
784 2462 821 2522 'et
838 2484 901 2522 non
922 2475 1013 2546 agent
1032 2464 1123 2545 impie
1134 2440 1198 2515 tur·P

59 2551 261 2611 etiamnunc.
304 2551 346 2609 Et
364 2563 401 2610 ut
418 2554 550 2609 sciamus
570 2545 651 2608 hanc
675 2548 734 2606 Dei
756 2567 882 2624 vocem,
915 2566 985 2606 cum
1005 2564 1075 2605 vera
1096 2522 1258 2627 appo-to,
1275 2531 1306 2606 ι’,

56 2650 173 2693 summa
198 2637 354 2715 majestate
384 2635 571 2715 processisse
593 2630 632 2690 ad
653 2630 855 2692 honorandos.
871 2653 905 2691 ac
927 2629 1125 2691 vindicandos

56 2717 232 2778 sacerdotes
264 2737 356 2792 suos,
386 2738 455 2776 cum
487 2717 629 2776 adversus
659 2715 760 2793 Aaron
791 2718 981 2777 sacerdotem
1002 2715 1126 2776 tresde

55 2803 205 2863 ministris
244 2800 371 2876 Chore,
400 2799 522 2861 Dathau
561 2812 592 2861 et
621 2799 742 2861 Abiron
763 2803 827 2862 ausi
850 2814 921 2861 sunt
941 2801 1123 2883 superbisse,

57 2897 92 2946 et
104 2886 249 2944 cervicem
268 2904 354 2944 suam
372 2885 538 2966 extollere,
560 2895 590 2946 et
614 2885 765 2946 sacerdoti
784 2887 958 2969 praeposito
977 2907 1008 2943 se
1031 2885 1127 2945 adae-

58 2989 178 3050 quare,
198 2968 285 3028 hiatu
303 2979 403 3029 terrae
428 2968 567 3054 absorpti
587 2990 622 3030 ac
645 2969 792 3047 devorati,
815 2990 929 3051 poenas
952 2971 1052 3029 statim
1073 2991 1124 3028 sa-

59 3051 193 3133 crilegae
210 3053 353 3112 audaciae
373 3054 598 3134 persolverunt.
640 3054 704 3114 Nec
722 3055 778 3116 soli
805 3053 861 3128 illi,
885 3053 938 3113 sed
961 3065 990 3111 et
1010 3053 1121 3113 caeteri
1133 3060 1282 3124 saceraotem

59 3135 186 3196 ducenti
208 3139 448 3222 quinquaginta,
474 3142 532 3221 qui
554 3143 597 3201 eis
618 3142 741 3199 comites
767 3138 804 3198 ad
817 3138 970 3197 audaciam
989 3123 1296 3210 fueruntiiliiiiiiil'

58 3232 279 3305 prorumpente
300 3243 317 3282 a
338 3224 472 3284 Domino
494 3226 563 3307 igue
584 3225 755 3306 consumpti
775 3233 861 3281 suut:
882 3233 918 3280 ut
928 3219 1121 3303 probaretur,

11 3306 21 3313 “
57 3302 233 3365 sacerdotes
256 3307 314 3367 Dei
339 3306 381 3378 *ab
407 3329 460 3383 eo,
486 3310 539 3391 qui
560 3307 732 3369 sacerdotes
759 3307 850 3382 lacit,
884 3305 1040 3364 vindicari.
1085 3305 1122 3363 In

56 3387 143 3448 libro
176 3411 299 3470 quoque
327 3413 492 3473 regnorum
522 3412 591 3453 cum
628 3391 751 3453 Samuel
787 3390 927 3450 sacerdos
949 3411 965 3449 a
987 3389 1124 3449 Judaeoa

19 3524 26 3541 ,
56 3493 126 3534 rum
145 3474 264 3555 populo
285 3474 328 3534 ob
353 3489 558 3554 senectutem,
581 3468 723 3538 sicutte:
738 3475 840 3552 modo,
862 3485 1120 3534 contemneretur-2
1203 3491 1207 3497 ’

57 3556 236 3618 exclamarit
267 3559 364 3619 iratus
394 3561 565 3638 Dominus,
584 3573 624 3622 -et
654 3562 752 3621 dixit?
793 3559 861 3618 Nou
883 3571 913 3618 te
934 3567 1120 3640 spreverunt,

59 3640 115 3701 sed
133 3658 194 3701 ¹me
226 3657 413 3724 spreverunt
468 3645 509 3704 Et
527 3659 562 3706 nt
583 3645 644 3706 hoc
665 3645 898 3716 ulcisceretur,
920 3631 1058 3702 excitavit
1078 3644 1120 3701 eis
1134 3645 1155 3686 1.
1163 3641 1218 3693 Rus·
1232 3643 1256 3688 t»
1269 3642 1292 3685 t·

59 3722 134 3784 Saul
153 3746 270 3808 regem,
294 3730 348 3808 qui
369 3749 422 3788 eos
442 3731 562 3808 injuriis
584 3729 912 3814 gravibus-affligeret,
934 3734 965 3786 et
987 3747 1042 3806 per
1054 3747 1121 3786 om-

56 3827 112 3869 nes
143 3810 341 3872 contumelias
375 3824 406 3872 et
428 3834 541 3895 poenas
576 3814 742 3897 superbum
762 3813 910 3897 populum
933 3809 1063 3870 calcaret
1090 3822 1125 3871 et

48 3906 229 3976 premeret,
266 3908 302 3955 ut
323 3907 512 3981 contemptus
534 3899 695 3974 sacerdos,
717 3896 756 3956 de
779 3897 913 3978 superbo
934 3893 1061 3977 populo·
1074 3893 1124 3952 ul-

55 3979 141 4039 tione
166 3977 268 4041 dimna
294 3973 508 4043 vindicaretur.
537 3982 615 4043 'Sed
637 3995 666 4045 et
687 3981 832 4041 Salomon
852 3981 883 4038 in
903 3982 1013 4060 spiritu
1035 3998 1123 4039 sanc-

20 4138 25 4143 ,
56 4073 92 4123 to
114 4063 321 4144 constitutus,
343 4078 470 4128 testatur
491 4079 522 4128 et
543 4067 653 4145 docet,
675 4086 755 4149 quae
775 4062 1031 4124 sitsacerdotalis
1049 4085 1122 4123 auc·

56 4148 167 4207 toritas
193 4158 224 4206 et
242 4160 392 4230 potestas,
414 4152 543 4213 dicens:
563 4151 612 4214 Ex
636 4162 702 4213 tota
727 4150 825 4209 anima
837 4163 897 4211 tua
926 4150 997 4208 time
1011 4148 1119 4226 Deum,
1129 4143 1194 4187 ³⁰⁸¹·
1209 4148 1234 4193 ἵν
1251 4146 1290 4193 ³¹⁸

57 4240 92 4295 et
113 4228 288 4296 sacerdotes
303 4235 577 4319 ejas-sanetifica-
599 4237 643 4300 Et
652 4226 803 4299 -i'tarumrs
814 4232 1073 4309 Romami-Deum
1085 4253 1121 4295 ex
