2790 4792
205 352 285 425 404
443 341 519 404 nn
571 330 1035 401 sacas-usuro

209 530 394 595 celebratum
409 525 588 589 alverniae:
610 524 665 583 ubi
679 524 842 601 statuitur,
863 534 899 582 ut
920 517 1232 601 Arehipresbyter,
1253 521 1288 581 sel

207 621 368 691 Decanus,
399 613 448 673 vel
482 612 674 683 Diaconos,
691 619 746 667 aut
775 606 1022 668 Archidiaconus
1048 626 1123 664 non
1147 607 1227 681 nisi,
1247 610 1286 687 qni

208 704 366 762 Diaconos
401 708 455 757 aut
490 693 657 767 Presbyter
681 692 740 767 sit,
772 691 940 751 ordinetur.
1011 688 1157 749 Deinde
1200 691 1282 749 eiutur

210 785 343 845 Calixtus
366 782 469 863 Papa,
490 799 509 838 a
531 796 596 857 quo
615 776 771 835 decretum
791 787 852 850 est,
874 786 910 832 ut
932 773 1044 835 nullus
1070 774 1110 833 in
1140 772 1280 857 Praeposi-

129 856 133 863 ’
210 883 275 930 tum
299 864 345 925 vel
363 863 659 945 Arcbicpiseopum,
685 858 733 918 rel
750 857 1100 942 archipresbyterum,
1123 858 1178 937 vel
1200 858 1285 918 Areli-

211 954 393 1027 diaconum‚
418 949 478 1007 nisi
500 944 665 1018 Presbyter
685 942 733 1002 rel
755 945 912 1002 Diaconos
941 941 1138 1001 ordinetur.
1187 946 1290 1003 Utrun-

211 1057 273 1119 que
290 1034 463 1096 testimonio
481 1028 660 1103 innocentii
683 1028 809 1091 seeu'udi
830 1028 919 1087 etiarn
942 1022 1182 1087 confirmatur.
1226 1028 1290 1087 Cita-

211 1133 264 1181 tur
286 1129 317 1179 et
335 1118 453 1179 Urbani
473 1113 576 1195 Papae
599 1113 776 1187 decretum,
794 1123 830 1177 ut
857 1131 919 1169 non
948 1108 1100 1193 eligatur
1117 1113 1153 1171 in
1176 1112 1290 1195 Episco-

210 1222 303 1289 pum,
330 1202 390 1263 nisi
410 1205 445 1259 in
464 1197 557 1257 saeris
579 1194 739 1253 ordinibus
761 1196 955 1256 constitutus.

294 1278 590 1347 DISTINCTIONE
606 1292 661 1345 .61.
674 1282 794 1341 citatnr
828 1278 1003 1361 Gregorius
1022 1278 1172 1363 Magnus
1187 1283 1219 1341 in
1239 1282 1290 1363 epi·

211 1370 292 1433 stola
318 1368 358 1431 ad
386 1364 618 1433 Bruniebildem
647 1366 780 1447 reginam
803 1363 1023 1436 Francorum,
1066 1385 1158 1444 quae
1177 1363 1292 1425 habetur

212 1456 295 1516 libro
312 1467 341 1522 7.
375 1454 474 1535 eapite
492 1444 583 1521 11ss,
610 1467 672 1527 quo
703 1446 894 1523 declaratur,
929 1446 1123 1508 sacerdotes
1160 1471 1196 1510 ex
1224 1448 1292 1508 laicis

212 1539 317 1602 subito
338 1556 402 1598 non
421 1532 617 1597 ordinandos.

297 1622 403 1683 ITEM
434 1616 597 1691 Hormisda
633 1617 665 1675 in
695 1614 821 1699 epistola
854 1614 894 1674 ad
919 1612 1108 1699 Episcopos
1122 1618 1293 1701 Hispaniae:

214 1706 329 1785 Quales
351 1704 483 1764 debeant
507 1704 584 1775 csse,
608 1702 662 1780 qui
680 1700 881 1773 ordinantur,
910 1709 941 1757 et
960 1698 1085 1780 quibus
1104 1702 1295 1787 gubernacu-

213 1793 244 1852 la
261 1789 416 1850 Ecclesiae
450 1788 689 1846 committuntur:
709 1784 853 1843 '‘Citntur
874 1783 965 1841 etiam
1001 1784 1209 1846 Innocentius
1234 1788 1295 1871 pri·

213 1894 282 1936 mus
317 1893 353 1933 cx
386 1870 514 1953 epistola
537 1883 586 1935 12.
622 1868 660 1927 :id
691 1866 871 1945 Aurelium,
904 1866 962 1927 ubi
988 1869 1037 1927 sic
1063 1871 1126 1931 ait:
1150 1874 1293 1931 Miserum

144 1994 147 1999 -
213 1968 277 2030 est,
316 1974 386 2013 eum
412 1950 480 2010 fieri
514 1953 712 2031 magistznm.
748 1955 801 2031 qui
824 1972 996 2031 ‚nunquam
1024 1952 1086 2012 fnit
1103 1953 1293 2036 discipulus:

216 2056 348 2116 eumque
373 2054 519 2093 summum
546 2035 731 2091 sacerdotem
749 2034 838 2108 lieri,
860 2036 914 2114 qui
934 2036 968 2094 in
1002 2036 1086 2095 nullo
1101 2038 1207 2116 ¹gradu
1228 2040 1292 2099 un-

212 2141 309 2203 quam
330 2119 493 2180 obsecutus
511 2117 606 2175 fuerit
626 2117 786 2175 sacerdoti.
830 2121 906 2177 ltem
931 2120 994 2180 Leo
1006 2120 1128 2199 Magnus
1140 2120 1173 2175 in
1190 2122 1285 2200 epist.

216 2205 258 2267 ad
272 2204 444 2286 Episcopus
466 2199 590 2271 Aliiene
602 2244 611 2276 ,
633 2213 669 2258 ut
692 2221 783 2284 supra
808 2205 990 2280 quaestione
1003 2214 1046 2278 6.,
1070 2200 1104 2259 (L
1123 2212 1151 2267 1.

302 2288 405 2349 ITEM
427 2284 596 2346 Concilium
608 2282 795 2345 Laodicense
820 2304 885 2343 can.
908 2299 978 2362 12,
1005 2304 1144 2347 non¹esse
1166 2282 1279 2369 eligen-

213 2375 272 2435 dos
291 2373 331 2433 ad
349 2373 584 2454 Episcopatnnr,
621 2371 680 2427 nisi
715 2390 793 2450 quos
812 2369 984 2451 probabilis
1010 2373 1071 2430 vita
1087 2368 1286 2434 commendat.

213 2457 378 2520 Praeterea
403 2455 591 2515 Caelestinus
614 2455 639 2514 Ι.
657 2457 745 2536 epist
766 2466 795 2521 5.
811 2473 879 2536 cap.
901 2469 931 2520 2.
957 2455 1000 2514 ad
1014 2476 1118 2516 omnes
1136 2453 1293 2516 orthodo-

214 2558 292 2603 xos:
323 2543 441 2601 Rursus
476 2559 511 2598 ex
544 2541 665 2614 Leone,
698 2538 830 2597 rudibus
849 2550 879 2596 et
909 2541 1064 2620 imperitis
1088 2538 1295 2683 puberuacula

214 2623 371 2685 Ecclesiae
391 2622 605 2697 committenda
626 2644 686 2681 non
710 2642 783 2681 csse.
826 2621 907 2681 Vide
928 2622 1047 2683 ibidem
1068 2645 1166 2707 pura.

298 2704 592 2767 DISTINCTIONE
614 2718 654 2772 62
679 2717 709 2765 et
732 2718 783 2773 63.
807 2708 907 2789 agitur
939 2706 977 2765 dc
1007 2708 1163 2773 electione
1184 2706 1294 2770 Eccle·
1329 2708 1332 2717 '

212 2792 420 2854 siasticorum:
443 2790 646 2848 Distinetionc
669 2810 741 2851 rere
760 2803 823 2867 64,
846 2802 896 2856 65.
914 2801 945 2850 et
957 2794 1166 2873 sequentibus
1190 2796 1291 2878 agitur

215 2877 254 2939 de
275 2893 379 2936 eorum
396 2869 598 2935 ordinatione.

304 2970 331 3027 1.
354 2958 388 3018 C.
417 2955 552 3033 ‚GAJUS
574 2954 717 3016 Pontifex
738 2968 770 3016 et
790 2956 910 3031 Martyr
941 2957 972 3017 in
995 2961 1134 3044 epistola
1156 2960 1194 3023 ad
1212 2957 1293 3021 pest.

215 3066 282 3108 cem
302 3043 512 3125 Episcopum:
547 3040 595 3099 De
617 3040 841 3123 Episcoporum
871 3060 945 3111 uero
968 3054 999 3101 et
1021 3044 1291 3123 Presbyterorum,

216 3131 487 3206 Diaconoruanue
533 3136 562 3183 et
595 3127 788 3205 sequentium
817 3122 998 3185 elericorum
1034 3130 1291 3204 ordinationibus,

216 3223 342 3293 sanctos*
358 3208 526 3295 Apostolos
548 3219 578 3266 et
600 3229 791 3268 successores
813 3228 940 3286 eorum,
964 3221 994 3269 et
1017 3218 1195 3301 praecipue
1215 3214 1290 3274 Aua-

216 3296 329 3357 eleum
350 3298 557 3374 et'‘psaeterca
579 3292 673 3367 alios,
695 3292 877 3353 sufficienter
898 3296 1042 3357 statuisse
1065 3301 1286 3385 cognoscimus,

216 3376 385 3441 etidcirco
420 3388 552 3436 nonest
577 3397 720 3453 necesse,
752 3396 834 3434 nunc
854 3376 1018 3458 replicari,
1052 3383 1120 3441 nisi
1144 3383 1228 3466 quod
1248 3379 1286 3439 illi

215 3483 281 3527 nou
314 3471 495 3521 statuerunt.
539 3460 620 3519 lllud
640 3472 740 3520 tamen
762 3481 817 3519 nos
839 3471 1021 3536 statuentes,
1055 3467 1155 3528 vobis
1178 3481 1210 3531 et
1228 3486 1285 3526 om·
1331 3528 1333 3533 ,

215 3546 307 3607 nibus
343 3554 462 3603 smare
494 3545 671 3604 mandamus
684 3587 694 3619 ,
730 3555 765 3603 ut
794 3544 833 3602 ad
857 3545 979 3604 ordines
1003 3548 1235 3614 ecclesiasticos
1251 3551 1286 3609 :ie

215 3628 380 3691 ascendant
408 3628 440 3686 in
472 3624 630 3704 Ecclesia,
658 3628 713 3709 qni
744 3627 880 3688 ordinari
903 3641 1077 3709 merentur,
1116 3638 1156 3698 id
1178 3649 1236 3713 est,
1262 3631 1284 3691 si
1331 3686 1334 3701 ,

215 3714 285 3795 quis
307 3712 479 3795 Episcopus
514 3732 577 3771 esse
597 3723 749 3788 meretur,
784 3713 823 3772 sit
844 3714 944 3794 primo
976 3712 1171 3802 ostiarium,
1194 3714 1282 3783 dsinde

214 3796 314 3863 lector
339 3796 417 3870 etc,
439 3806 587 3877 utsupra
609 3798 639 3854 in
663 3807 754 3855 textu.

235 3914 240 3921 ·
300 3895 330 3947 2.
372 3877 564 3939 DAMASUS
587 3881 618 3938 in
638 3876 833 3939 Pontificali:
856 3879 947 3962 Cajus
971 3885 1168 3968 constitnit,
1187 3901 1281 3951 uton·
1332 3938 1334 3953 .

210 3960 276 4041 ‘nes'
292 3963 417 4049 ordines
440 3964 472 4022 in
494 3962 631 4037 Ecclesia
654 3965 698 4023 sic
718 3964 930 4026 ascenderent:
963 3967 998 4026 si
1021 3972 1094 4049 quis
1119 3974 1288 4059 Episcopus

216 4045 291 4106 fieri·
306 4060 440 4130 meretur
464 4059 539 4122 ete„
561 4050 647 4111 utin
667 4058 760 4108 textu.
791 4110 793 4117 ,
1169 4084 1172 4091 1

220 4220 256 4272 nt
275 4130 666 4275 ὴέὶθξίσιιὈΫῬΡὶΙΑΝυὸ
696 4130 749 4193 lib·
773 4146 803 4202 4·
831 4132 916 4216 epist·
946 4146 976 4201 2·
1008 4132 1049 4195 ad
1072 4135 1295 4214 Antonianum,
