2790 4792
274 262 886 383 Ϊ1-1ἶ11111111111.
1022 276 1147 407 'rai

67 523 162 588 gum,
185 509 218 560 et
236 495 403 558 benedixit.
421 493 457 555 ei.
499 491 542 554 Et
556 489 652 576 paulo
672 500 766 574 post:
795 490 828 551 Si
855 513 929 578 ergo
955 514 1147 558 consumma.

71 613 120 673 tio
144 627 203 691 per
227 603 427 666 sacerdotium
451 599 606 662 leviticum
624 610 704 678 erat,
728 597 804 680 quid
828 600 930 663 adhuc
943 607 1146 687 necessarium
1179 656 1185 665 ,

67 716 156 790 suit,
181 711 349 772 secundom
362 701 508 770 'ordinem
537 704 765 767 Melchisedech
781 705 884 767 'alium
904 727 1029 792 surgere
1043 732 1147 774 saeer-

73 821 196 896 dotem,
218 831 262 881 et,
281 838 344 878 non
361 814 528 879 secundum
548 812 688 877 ordinem
718 810 825 872 Aaron
856 806 944 875 dicii
985 817 1146 883 Translate

51 931 54 936 ’
72 925 158 989 cuim
176 921 367 1002 sacerdotio,
388 942 509 986 necesse
529 928 575 978 est
586 963 596 997 ‚
618 931 655 982 ut
677 931 708 982 et
724 919 797 1003 legis
817 918 978 997 translatio
999 921 1061 986 fiat.

155 1011 419 1108 Gen.es.·XlV.‚
445 1040 482 1089 ut
510 1044 615 1106 supra.
681 1052 683 1056 ·

151 1136 181 1200 N
185 1159 252 1199 um.
274 1130 440 1198 XXVIII.:
463 1135 547 1193 Haec
566 1143 638 1193 sunt
662 1131 829 1213 sacrificia,
853 1153 932 1216 quae
954 1126 1066 1198 olle'rre
1087 1134 1144 1200 de-

67 1245 163 1325 betis,
196 1266 294 1331 agnos
313 1241 472 1304 anniculos
498 1238 704 1301 immaculatos
732 1242 810 1301 duos
833 1240 993 1322 (1111111111ζ
1001 1244 1033 1300 in
1049 1240 1146 1305 holo-

66 1367 202 1416 caustum
228 1353 468 1430 sempiternum:
503 1367 598 1407 unum
623 1345 757 1408 offeretis
784 1343 871 1407 mane
882 1390 893 1424 ,
915 1360 946 1407 et
961 1347 1087 1408 alterum
1105 1349 1145 1410 ad
1220 1403 1222 1407 ,
1285 1410 1288 1419 7

67 1482 243 1546 vesperumz
269 1457 417 1517 decimam
436 1466 551 1535 partem
580 1452 653 1537 ephi
673 1447 808 1531 similae,
830 1474 909 1536 quae
926 1473 1091 1537 conspersa
1103 1433 1145 1518 sit

68 1571 138 1632 oleo
144 1566 322 1652 purissimo,
335 1558 481 1620 ethaheat
492 1572 630 1642 quartam
636 1559 827 1643 partemhin:
838 1559 1049 1622 holocaustum
1068 1565 1144 1648 juge

69 1688 141 1751 cst,
177 1669 265 1753 quod
291 1663 446 1744 obtulistis
477 1668 508 1726 in
531 1679 633 1728 monte
651 1666 735 1729 Sinai
748 1671 779 1729 in
797 1669 922 1730 odorem
938 1671 1143 1736 suavissimum

70 1779 190 1842 incensi
225 1775 371 1836 Domini:
397 1787 427 1837 et
457 1773 591 1837 libabitis
619 1777 678 1857 11111
703 1787 841 1858 quartam
877 1789 994 1860 partem
1013 1777 1067 1840 11111
1084 1801 1143 1864 per

68 1905 166 1971 agnos
206 1881 340 1964 singulos
373 1882 404 1940 in
426 1885 598 1942 sanctuario
632 1883 768 1977 Domini.
809 1882 1009 1968 Alterumqus
1030 1907 1141 1972 agnum

67 1991 210 2054 similiter
244 1987 375 2048 offeretis
414 1989 453 2048 ad
470 2011 640 2073 vesperam,
661 1992 755 2072 juxta
771 2012 891 2051 omnem
910 1993 1002 2056 ritum
1019 1992 1140 2056 sacrifi·

71 2103 112 2162 cii
137 2096 278 2159 matutini
306 2106 336 2156 ct
361 2094 595 2160 libamentorum
622 2099 708 2181 ejus,
751 2097 938 2162 oblationem
973 2103 1140 2164 suavissimi

70 2208 175 2270 odoris
203 2203 345 2265 Domino.
400 2203 460 2266 Die
490 2219 592 2269 autem
621 2206 750 2267 Sabbati
785 2206 920 2267 offeretis
950 2207 1029 2269 duos
1047 2230 1141 2292 agnos
1225 2203 1231 2210 ’

70 2313 227 2376 anniculos
260 2308 486 2389 immaculatos,
517 2322 548 2373 et
572 2312 647 2371 duas
676 2313 805 2370 decimas
830 2311 944 2371 similae
973 2313 1042 2374 oleo
1068 2307 1172 2375 con-⁵

71 2443 193 2507 spersae
218 2420 250 2479 in
277 2417 451 2497 sacrificio,
482 2429 513 2503 et
530 2416 616 2492 liba,
649 2437 727 2496 quae
744 2417 802 2474 rite
822 2415 994 2510 funduntur
1007 2441 1063 2504 per
1080 2423 1143 2481 sin-

72 2529 143 2614 gula
160 2524 348 2588 Sabbata'in
374 2524 595 2586 holocaustum
612 2523 827 2604 sempiternum
849 2532 923 2605 etc,
945 2523 1003 2614 ubi
1020 2524 1059 2588 de
1081 2526 1142 2591 ob-

74 2634 239 2697 lationibus
258 2633 448 2714 singularum
464 2631 689 2689 solemnitatum
709 2629 820 2713 agitur.
883 2653 885 2658 ·
961 2649 963 2653 ·

125 2743 204 2801 Et
238 2738 355 2799 XXIX.
390 2734 429 2797 de
453 2724 665 2798 oblationibus
695 2747 727 2798 et
747 2734 901 2799 sacrificiis
922 2736 1143 2804 solemnitatum

73 2851 194 2936 septimi
216 2845 336 2905 mensis.

72 3015 80 3025 ,
158 2947 403 3013 Malach.1.=
440 2947 512 3010 Non
542 2961 586 3011 est
609 2950 684 3012 mihi
712 2906 885 3021 voluntas
876 2974 909 3013 m
930 2924 1039 3028 vobis,
1069 2953 1145 3016 dicit

62 3061 228 3126 Dominus
257 3057 458 3128 exercituum·
489 3069 519 3119 et
553 3079 662 3119 munus
681 3065 760 3120 ‘non
786 3061 948 3143 suscipiam
980 3059 1018 3119 de
1053 3058 1191 3128 manus

65 3178 186 3232 'vestra
240 3161 289 3224 Ab
317 3175 390 3224 ortu
426 3165 504 3223 enim
539 3167 610 3226 solis
643 3166 802 3250 usquead
824 3185 978 3240 occasum,
1005 3186 1146 3248 magnum

76 3289 121 3339 est
145 3293 256 3334 nomen
282 3293 383 3331 mcum
413 3270 446 3330 111
469 3271 628 3354 gentihus,
650 3286 680 3338 et
698 3277 737 3334 111
759 3276 840 3336 omni
865 3273 936 3332 loco
955 3271 1147 3334 sacrificatur

77 3381 272 3467 ettoffertur
297 3381 411 3440 nomini
440 3399 509 3439 meo
546 3378 661 3442 oblatio
683 3381 811 3442 munda:
851 3383 925 3461 quia
940 3401 1081 3464 magnum
1101 3391 1147 3442 cst

77 3510 190 3553 nomen
218 3494 316 3549 meum
332 3489 365 3546 in
387 3485 549 3569 gentibus,
571 3486 646 3548 dicit
664 3489 815 3549 >Dominus
848 3490 1049 3575 exercituum„

165 3595 313 3679 E'phes.
334 3593 392 3655 V..·
415 3592 609 3653 CHRISTUS
632 3593 737 3656 dilexit
761 3615 834 3682 nos,
856 3608 887 3656 et
907 3595 1027 3657 traditit
1054 3605 1146 3656 semet
1249 3668 1257 3685 s

80 3705 183 3787 ipsum
204 3724 263 3785 pro
296 3701 388 3764 nobis
413 3700 601 3762 oblationem
632 3713 662 3763 et
685 3701 814 3764 hostiam
851 3702 920 3765 Deo
954 3705 987 3764 in
1021 3700 1147 3765 odorem
1183 3746 1189 3758 .

82 3812 248 3872 suavitatis.
334 3862 338 3867 ff

165 3916 285 3978 Hebr.
312 3916 368 3976 Χ..
399 3915 467 3977 Una
496 3915 576 3976 enim
600 3912 761 4019 oblatione
786 3917 1014 4023 consummarit
1015 3917 1054 3978 in
1065 3933 1149 3981 sem·
1202 3975 1203 3978 ,

86 4026 240 4108 piternum
263 4021 474 4086 sanctificatos.
813 4026 816 4033 '

172 4131 292 4193 Marc.
315 4130 423 4194 xiv.
446 4131 488 4192 Et
504 4132 604 4216 primo
631 4129 681 4195 dre
691 4146 875 4213 azymorum,
894 4128 1024 4217 qnando
1034 4127 1154 4196 Pascha

87 4237 305 4320 immolabant,
324 4231 481 4305 dicuntae
503 4236 657 4326 discipuli.

137 4339 285 4390 camur.
299 4338 352 4389 n
489 4418 491 4425 Ι
900 4342 944 4421 μ
