2790 4792
229 334 312 405 ‘aaa
431 327 557 433 ,DE
599 312 1076 431 sncnanss'tt't'o·

217 509 419 578 'adstablm'us
440 527 510 573 aute
538 502 675 573 tribunal
699 511 824 591 Christi,
854 526 890 578 ut
917 513 1005 573 ferat'
1016 511 1235 595 unnsquisque
1259 532 1303 574 se·

234 600 369 661 cundum
393 619 436 672 ea,
457 618 535 679 quae
556 610 741 679 percorpus
755 600 853 680 gessit,
867 595 1069 683 strabonum,
1092 601 1156 656 sive
1178 597 1302 660 malunt

237 705 301 746 non
324 695 355 742 te
374 684 446 741 satis
469 681 574 741 videre
595 679 753 763 significas.
796 684 878 744 Haec
897 683 1020 763 quidem
1033 681 1220 763 Apostolica
1241 702 1303 741 sen-

237 769 341 841 tentia,
364 778 432 826 ante
453 777 581 825 mortem
593 764 737 825 admonet
748 763 826 842 fieri,
850 766 937 848 quod
957 768 1055 849 possit
1077 766 1304 848 prodesse'post

238 864 383 912 mortem:
403 870 466 908 non
488 859 562 908 tunc
584 849 709 929 quando
730 850 793 931 jam
811 852 1019 932 recipiendum
1032 861 1085 926 est,
1110 850 1200 930 qnod
1224 854 1304 930 quis·

238 957 298 1023 que
322 936 446 1018 gesserit
467 946 536 992 ante
557 944 694 998 mortem.
737 935 851 995 Verum
880 934 956 995 haec
989 937 1030 994 ita
1061 933 1193 993 solvitur
1217 955 1305 1015 quae-

238 1023 309 1096 sti0,
332 1020 475 1101 quoniam
498 1017 631 1097 quodam
662 1018 740 1077 vitae
763 1040 870 1101 genere
892 1019 1077 1098 acquiritur,
1101 1018 1176 1076 dum
1197 1019 1230 1076 in
1250 1017 1306 1078 hoc

239 1124 373 1185 corpore
393 1104 527 1176 vivitur,
549 1114 585 1160 ut
606 1098 725 1182 aliquid
747 1104 893 1183 adjuvent
914 1105 970 1161 ista
992 1101 1176 1161 defunctos:
1199 1123 1236 1160 ac
1256 1124 1308 1185 per

239 1187 300 1248 hoc
322 1187 486 1245 secundum
507 1206 558 1263 ea,
578 1206 657 1266 quae
677 1207 733 1267 per
753 1207 864 1267 corpus
887 1199 1052 1268 gesserunt,
1076 1188 1118 1244 eis
1142 1207 1224 1268 quae
1244 1196 1309 1268 post

69 1291 140 1350 Vasta
160 1288 355 1353 mort-corpus
387 1270 525 1353 religiose
556 1290 614 1351 pro
636 1268 694 1327 illis
725 1269 804 1330 facta
827 1271 961 1347 fuerint,
993 1271 1191 1351 adjuvantur.¹
1236 1270 1310 1329 Sunt

67 1347 331 1439 {}J¹2¹f¹q.⁸,{1¹,'32enirn,
355 1375 434 1433 quos
458 1353 534 1412 nihil
559 1355 683 1415 omnino
710 1354 857 1434 adjuvant
879 1357 952 1414 istae
982 1356 1043 1412 sive
1067 1375 1128 1437 pro
1166 1354 1208 1414 cis
1230 1354 1310 1430 fiant,

67 1436 232 1527 Ἥῃζζῑίξζξ
243 1460 374 1521 quorum
386 1451 446 1497 tam
458 1437 535 1496 mala
549 1450 620 1497 sunt
637 1439 753 1513 merita,
777 1450 812 1497 ut
824 1458 922 1518 neque
940 1438 1053 1496 talibus
1076 1439 1161 1521 digni
1183 1440 1245 1498 sint
1260 1438 1311 1496 ad·

66 1500 116 1577 lum
129 1547 207 1587 opera.
240 1527 358 1606 juva’ri:
381 1525 444 1582 sive
463 1543 523 1604 pro
543 1525 594 1598 eis,
620 1542 751 1603 quorum
766 1535 826 1581 tam
845 1525 933 1598 bona,
949 1534 984 1580 ut
1006 1520 1118 1581 talibus
1148 1523 1312 1581 non-‘iudi-

242 1619 330 1692 geant
351 1607 541 1688 adjumentis.
584 1608 703 1666 Genera
732 1609 823 1690 igitur
847 1609 934 1679 vitae,
954 1605 1039 1688 quod
1063 1608 1157 1689 gessit
1188 1609 1311 1688 quisque

239 1711 445 1775 percorpus,
470 1690 610 1765 efficitur,
635 1702 671 1749 ut
689 1693 810 1773 prosint
823 1690 878 1768 ¹vel
903 1711 964 1749 non
986 1693 1127 1769 prosint,
1160 1711 1312 1771 quaecun-

240 1797 301 1856 que
321 1795 381 1856 pro
404 1774 459 1833 illo
481 1794 532 1855 pre
552 1773 641 1850 fiunt,
665 1793 735 1833 cum
764 1775 923 1855 reliquerit
949 1793 1072 1854 corpus.
1116 1773 1194 1833 Nam
1220 1775 1312 1832 meri-

240 1870 315 1935 tum,
337 1878 392 1938 per
403 1857 488 1935 quod
508 1859 564 1915 ista
584 1860 716 1938 prosint,
739 1860 764 1916 si
786 1860 903 1916 nullum
917 1869 1129 1937 comparatum
1151 1870 1196 1918 est
1209 1860 1239 1916 in
1256 1857 1312 1917 hac

240 1944 312 2016 uita,
333 1945 448 1998 frustra
471 1941 629 2018 quaeritur
649 1940 817 2022 posthanc
839 1944 938 2001 vitam.
981 1943 1026 1999 Ita
1055 1939 1114 2019 fit,
1142 1946 1183 2000 'nt
1211 1962 1311 2020 neque

240 2025 374 2083 inaniter
394 2021 540 2096 Ecclesia,
562 2023 610 2081 vel
634 2043 761 2089 suorum
781 2033 857 2082 'cura
881 2046 940 2106 pro
961 2024 1124 2100 defunctis,
1147 2025 1227 2104 qnod
1245 2044 1305 2105 po-

240 2109 337 2166 tuerit
357 2105 511 2189 religionis
533 2106 704 2187 impendat:
741 2117 771 2166 et
802 2118 900 2166 tamen
922 2109 999 2166 ferat
1029 2111 1231 2189 unusquisque
1254 2122 1303 2165 se-

244 2191 377 2252 cundum
401 2211 445 2267 ea,
467 2210 546 2271 quae
566 2211 622 2273 per
642 2209 753 2272 corpus
774 2192 873 2273 gessit.
918 2193 959 2251 Ut
973 2194 1052 2251 enim
1069 2193 1135 2268 hoc,
1147 2192 1229 2273 quod
1246 2192 1308 2248 im'-

243 2274 398 2361 penditur,
422 2276 519 2358 possit
540 2273 567 2334 ei
594 2275 829 2358 prodesse‘post
852 2295 976 2356 corpus,
1001 2278 1032 2334 in
1059 2298 1094 2336 ea
1118 2278 1178 2336 vita
1206 2276 1313 2356 acqni-

247 2363 412 2440 sitnmest,
429 2358 517 2440 quam
540 2361 630 2442 gessit
644 2361 841 2442 incorpore.
885 2361 1069 2440 (Hucusque
1091 2361 1166 2420 haec
1191 2362 1264 2421 citat
1284 2359 1314 2418 in

247 2444 329 2504 libro
351 2443 389 2503 de
414 2455 485 2502 octo
515 2443 642 2503 Dulcitii
658 2443 909 2528 quaestionibus,
945 2447 1127 2523 quaestione
1158 2443 1315 2520 secunda.)

246 2529 374 2589 Poterat
399 2529 589 2608 inquisitioni
609 2530 655 2587 tui
678 2525 815 2589 sufficere
836 2549 901 2588 mea
920 2526 1021 2586 brevis
1049 2532 1107 2588 ista
1143 2529 1316 2610 responsio:

248 2612 302 2672 sed
322 2602 396 2693 quia
420 2613 478 2670 alia
504 2623 635 2688 movent,
662 2611 777 2693 quibus
806 2612 1050 2694 respondendnm
1082 2614 1243 2687 existimo,
1265 2631 1318 2694 pa·

71 2713 374 2778 2.men.sa‚as.1·umper
403 2694 531 2752 attende.
574 2696 611 2752 In
634 2695 888 2756 Machabaeorum
913 2696 999 2754 libris
1030 2695 1161 2778 legimus
1186 2696 1318 2757 oblatum

250 2800 310 2863 pro
330 2780 456 2837 mortuis
478 2775 669 2842 sacrificinm.
712 2780 773 2859 Sed
797 2783 851 2839 etsi
866 2801 1015 2860 nusquam
1036 2783 1066 2837 in
1088 2768 1250 2864 scripinris
1269 2801 1318 2838 ve-

73 2853 200 2942 ssssjfffl
251 2863 371 2922 teribus
388 2863 513 2920 omnino
537 2861 697 2942 legeretur,
714 2882 776 2921 non
800 2885 893 2944 parva
915 2876 959 2922 est
971 2865 1130 2923 universae
1156 2864 1317 2937 Ecclesiae,

72 2951 210 2995 Μῑῡῑίῑϋ·
252 2968 330 3028 quae
352 2948 383 3004 in
404 2945 462 3003 hac
483 2945 704 3005 consuetudine
720 2944 815 3006 claret
836 2950 1022 3008 auctoritas:
1044 2948 1099 3006 ubi
1122 2949 1154 3006 in
1176 2949 1315 3032 precibus

251 3030 444 3106 Sacerdotis,
470 3049 548 3111 quac
563 3030 697 3089 Domino
719 3029 787 3091 Deo
806 3031 844 3088 ad
867 3034 934 3111 ejus
955 3031 1047 3090 altare
1066 3031 1256 3109 funduntur,
1275 3032 1332 3090 lo·-

251 3136 320 3174 cum
346 3134 434 3174 suum
453 3113 547 3172 habet
564 3117 652 3173 etiam
674 3115 893 3174 commendatio
915 3128 1114 3174 mortuorum.
1160 3115 1317 3176 Haec'ibi.

249 3200 297 3258 De
317 3198 491 3258 conditione
513 3197 703 3282 sepulturae,
719 3211 749 3258 et
773 3201 818 3272 iis,
845 3221 976 3279 quorum
992 3219 1124 3280 corpora
1148 3201 1234 3282 apud
1258 3220 1318 3258 me-

249 3284 375 3346 moriam
393 3293 567 3341 sanctorum
585 3281 783 3363 sepeliuntur,
805 3278 1168 3366 capitibns'sequentibus
1190 3285 1318 3344 disserit

236 3381 242 3391 ·
337 3377 385 3433 10.
428 3365 535 3424 IDEM
558 3367 747 3449 Augustinus
771 3366 823 3425 lib.
855 3368 940 3426 XXI.
964 3368 1139 3426 decivitate
1163 3368 1234 3444 Dei,
1258 3387 1317 3449 cap.

49 3453 210 3500 nonan.
253 3436 321 3517 [6η
363 3450 459 3510 Tanta
480 3460 523 3507 est
534 3450 591 3509 Dei
614 3451 822 3511 misericordia
843 3453 873 3509 in
896 3471 964 3510 vasa
982 3451 1222 3527 misericordiae,
1244 3470 1318 3532 quae

250 3536 442 3614 praeparavit
456 3534 488 3589 in
512 3531 649 3613 gloriam,
670 3548 705 3594 ut
727 3538 816 3595 etiam
836 3537 934 3614 prima
949 3534 1078 3594 hominis
1103 3546 1196 3610 aetas,
1218 3536 1317 3610 idest,

250 3617 386 3690 infantia,
409 3636 486 3698 quae
507 3622 570 3674 sine
587 3617 652 3678 ullo
671 3620 773 3679 renisu
803 3619 940 3678 subiacet
962 3621 1055 3694 carni,
1078 3631 1134 3677 etc.
1158 3632 1191 3679 ct
1209 3640 1319 3679 secun-

199 3730 203 3737 *
249 3699 298 3776 da,
322 3721 400 3781 quae
430 3701 561 3781 pueritia
577 3715 787 3784 nuncupatur,
818 3702 872 3760 nbi
903 3703 1039 3761 nondum
1069 3705 1148 3762 rasio
1183 3705 1318 3786 suscepit

247 3783 325 3844 hanc
351 3805 492 3868 pugnam,
518 3797 546 3844 et
573 3784 638 3844 fere
663 3785 720 3845 snb
749 3787 890 3846 omnibus
917 3788 1030 3845 vitiosis
1061 3787 1317 3848 delectationibus

245 3869 338 3949 jacet,
353 3881 411 3929 etc.
455 3868 487 3927 Si
509 3883 694 3928 sacramenta
717 3872 893 3932 mediatoris
915 3872 1075 3951 acceperit,
1100 3873 1219 3932 etiamsi
1242 3873 1329 3932 hanc·

243 3954 281 4010 'in
300 3953 342 4010 eis
373 3952 458 4010 annis
474 3953 564 4013 vitam
582 3952 678 4030 finiat,
703 3975 763 4015 non
787 3955 885 4015 solum
900 3958 1008 4035 poenis
1021 3964 1094 4012 'non
1114 3969 1319 4038 praeparetur

251 4037 387 4108 aeternis,
409 4036 463 4094 sed
485 4058 523 4096 ne
544 4038 606 4097 ulla
628 4039 753 4118 quidem
776 4051 847 4122 post
883 4051 1010 4097 mortem
1038 4044 1225 4121 purgatoria
1254 4052 1321 4101 tor·

75 4132 227 4194 rnerrsnp'u.
251 4131 351 4177 menta
373 4121 516 4199 patiatur.
552 4121 678 4199 ,Sufficit
698 4127 775 4182 enim
800 4122 865 4182 sola
884 4123 1030 4201 spiritalis
1054 4128 1257 4205 regeneratio,
1284 4145 1322 4183 ne

72 4191 239 4281 ffi,:¹²,⁸,⁸,„2'
251 4214 323 4287 post
341 4191 481 4265 mortem'
491 4204 584 4281 obsit,
608 4206 691 4288 quod
715 4208 842 4267 camelis
855 4209 1008 4289 generatio
1028 4227 1099 4267 enm
1116 4220 1218 4270 morte
1243 4228 1320 4271 con·
