2790 4792
826 154 834 185 Ι

349 284 876 369 'iiiirii1iion1i⁴
970 246 1137 371 ψ’439

69 485 239 553 dinationis
261 501 334 544 suae
353 500 470 543 semare
492 475 627 552 debent,
655 473 772 557 quibus
798 477 847 540 vel
865 476 1071 543 sacerdotium
1090 477 1138 541 vel

70 572 276 638 ministerium
296 567 358 629 sine
378 566 569 626 successione
591 570 646 636 est,
667 564 724 619 n'ec
745 567 891 642 praeterit
910 565 984 641 dies,
1007 585 1067 645 qua
1089 562 1148 633 vel,

59 652 90 723 ἐ
113 652 269 718 sacrificiis
292 651 408 728 divinis,
428 648 516 709 vela
543 644 733 727 baptismatis
763 643 864 705 officio
895 647 1021 708 vaceuti
1061 648 1139 709 Nam

70 744 100 804 si
123 741 229 800 beatus
249 734 412 820 Apostolus
441 729 557 793 Paulus
588 727 626 789 ad
659 727 836 797 Corinthios
865 731 985 808 scribit,
1007 731 1138 793 dicens:

70 826 232 890 Abstiucte
251 842 303 881 vos
322 819 362 881 ad
383 832 515 898 tempus,
539 826 574 874 ut
594 814 706 873 va·cetis
729 813 881 875 orationi:
902 827 932 873 et
952 813 1013 873 boe
1032 818 1170 898 usquc·-
1187 813 1301 864 ⁰⁰¹⁴&

72 908 164 977 laicis*
180 895 346 991 praecepit:
367 901 466 962 multo
490 899 583 979 magis
604 897 786 975 sacerdotes,
810 897 924 979 quibus
942 909 974 957 et
986 900 1094 958 orandi
1109 912 1140 960 et

73 989 263 1056 sacrificandi
280 995 355 1070 juge
374 983 507 1044 officium
523 993 576 1059 est,
598 1002 718 1066 semper
735 979 897 1042 debebunt
909 979 948 1040 ab
959 979 1140 1061 hujusmodi

70 1077 227 1139 consortio
247 1075 409 1144 abstinere.
452 1068 515 1146 Qui
536 1068 561 1127 si
584 1070 805 1142 contaminatus
824 1065 1050 1142 fueritearnali
1064 1086 1141 1126 cou-

67 1161 262 1246 cupiscentia,
284 1173 348 1236 quo
369 1151 489 1236 pudore
509 1151 557 1212 vel
593 1148 763 1213 sacrificare
787 1150 966 1234 usurpabit,
999 1161 1053 1211 aut
1080 1169 1143 1230 qua

48 1245 272 1316 -cunscientia,
294 1257 395 1319 quove
420 1238 530 1298 merito
552 1236 688 1311 exaudiri
711 1255 743 1297 se
766 1235 884 1309 credit,
905 1256 1001 1319 quum
1024 1236 1141 1296 dictum

68 1333 125 1394 sit:
170 1326 279 1388 omnia
298 1322 412 1383 munda
432 1321 563 1396 mundis,
586 1321 787 1402 coinquinatis
801 1332 899 1389 autern
923 1333 952 1380 ct
964 1317 1141 1380 infidelibus
1150 1320 1195 1364 ²⁴1²·
1212 1338 1234 1379 t,
1248 1343 1294 1401 is..

67 1413 149 1477 nihil
168 1407 338 1471 mundum?
380 1405 441 1483 Sed
462 1406 590 1466 fortasse
615 1406 675 1467 hoc
696 1404 788 1465 licere
810 1404 925 1481 credit,
949 1406 1022 1485 quia
1041 1405 1142 1486 scrip·

65 1509 137 1561 tum
158 1507 219 1554 est:
260 1491 357 1551 Unius
377 1491 481 1551 uxoris
502 1492 611 1549 virum.
652 1488 723 1550 Nou
745 1488 783 1549 de
801 1500 993 1572 permanente
1014 1490 1046 1548 in
1064 1501 1304 1587 con-purum,

68 1577 261 1663 cupiscentiu
302 1574 447 1635 enecandi
475 1573 536 1634 boc
569 1573 654 1650 diiit,
677 1571 738 1633 'sed
766 1586 893 1656 propter
923 1574 1139 1633 continentiam
1149 1556 1237 1646 2.¹²'00²,’‚
1246 1566 1296 1656 ij,

68 1664 217 1727 futuram.
267 1597 376 1740 licque
406 1661 485 1720 enim
515 1659 652 1741 integros
683 1678 812 1740 corpore
836 1678 898 1717 non
921 1657 1055 1733 admisit,
1084 1659 1139 1740 qui
1186 1734 1189 1741 Δ
1232 1718 1235 1723 ,

70 1748 136 1809 ait:
178 1742 294 1806 Vellem
314 1755 414 1819 autem
435 1763 538 1804 omnes
557 1745 703 1819 sicesse,
729 1743 810 1802 sicut
831 1754 862 1802 et
882 1763 949 1825 ego.
992 1741 1087 1818 Quod
1108 1754 1293 1819 atticam.

70 1830 206 1913 apeitius
230 1828 373 1904 declarat,
394 1828 515 1889 dicens:
557 1827 621 1903 Qui
651 1839 752 1887 autem
778 1829 810 1891 in
840 1847 930 1887 carue
951 1839 1042 1904 sunt,
1071 1828 1140 1903 Deo

37 1908 41 1913 ⁴
69 1913 196 1998 placere
216 1933 277 1972 non
297 1923 437 1995 possunt.
486 1912 552 1973 Vos
572 1922 675 1972 autem
696 1911 760 1992 jam
787 1932 850 1971 non
883 1913 951 1971 estis
978 1912 1009 1970 in
1040 1910 1158 1989 carna*

68 1998 127 2068 sed
149 1998 181 2056 in
201 1998 325 2079 spiritu:
360 2008 392 2056 et
412 1995 573 2057 habentem
603 1993 701 2071 filios,
721 2015 785 2055 uon
809 2007 1016 2078 generantem,
1051 1995 1142 2055 disits
1236 1996 1238 2001 ’

70 2079 135 2141 sed
158 2100 192 2139 ea
212 2080 303 2161 plane
335 2079 440 2161 dispar
462 2092 493 2140 et
520 2079 640 2139 diversa
663 2081 812 2139 sententia
845 2091 900 2141 est.
951 2079 1028 2145 Nam
1055 2078 1142 2141 eiad

67 2163 190 2245 aliquos
212 2164 309 2223 formu
328 2161 382 2222 illa
412 2163 631 2225 ecclesiasticae
651 2163 730 2224 vitae
757 2166 876 2245 pariter
903 2174 933 2224 ct
953 2162 1141 2247 disciplinae,

70 2269 152 2331 quae
180 2244 218 2307 ab
250 2247 405 2332 Episcopo
438 2244 563 2309 Siri'cio²
577 2245 617 2306 ad
651 2248 827 2329 provincias
859 2248 1057 2322 commeavit,
1077 2266 1143 2313 uon

70 2330 258 2417 probabitur
278 2333 468 2416 pervenisse,
496 2330 545 2391 bis
566 2330 766 2411 ignorationis
788 2329 876 2387 venia
897 2330 1080 2404 remittitur,
1101 2329 1145 2389 ita

71 2429 110 2477 ut
131 2415 169 2475 de
197 2426 316 2476 caetero
352 2417 473 2496 penitus
504 2413 652 2490 incipiant
682 2409 844 2471 abstinere.
887 2411 931 2472 Et
954 2414 995 2472 ita
1019 2411 1144 2494 gradus,

70 2499 231 2582 inquibus
252 2499 368 2558 inventi
390 2497 522 2570 fuerint,
545 2495 588 2552 sic
610 2505 771 2569 retentent,
799 2506 835 2554 ut
855 2496 897 2555 eis
913 2516 975 2555 uon
995 2495 1084 2556 liceat
1105 2496 1145 2556 ad

97 2587 197 2646 otiora
218 2579 431 2642 cdnscendere.
475 2575 597 2652 Quibus
622 2578 656 2637 iu
676 2575 827 2644 beneficio
847 2600 911 2640 esse
935 2579 1036 2657 debet,
1058 2579 1145 2662 quod

69 2605 157 2733 bunc
178 2669 277 2748 ipsum
304 2663 426 2738 locum,
450 2681 540 2742 quem
569 2662 719 2739 retinent,
748 2683 823 2739 uon,
837 2666 989 2729 amittunt
1031 2663 1065 2723 si
1091 2665 1145 2746 qui

72 2764 177 2816 autem
197 2749 287 2808 scisse
320 2746 449 2805 formam
480 2744 600 2806 vivendi
631 2748 750 2808 missam
779 2747 928 2810 aSirieio
953 2749 1144 2837 detegentur,

69 2855 174 2915 neque
198 2832 299 2892 statim
324 2829 507 2913 cupiditates
529 2827 665 2897 libidinis
688 2831 843 2910 abiecisse,
872 2833 917 2894 illi
945 2846 1017 2896 sunt
1044 2833 1146 2895 modis

74 2916 220 2980 omuibus
258 2914 479 2975 submovendi:
509 2917 584 2997 quia
617 2927 688 2999 post
716 2917 954 2980 admonitionem
982 2921 1144 3003 cognitam,

73 2999 326 3087 praeponendam
346 2998 486 3069 arbitrati
507 3010 578 3060 sunt
597 2999 809 3082 voluptatem,¹

162 3084 389 3145 CONClLlUM
410 3083 590 3166 Agatbense,
609 3084 696 3167 quod
718 3085 889 3147 iunocentii
912 3095 943 3146 et
962 3085 1065 3148 siricii
1087 3085 1144 3147 de·

74 3180 195 3236 cretum
215 3168 407 3252 approbavit,
430 3190 496 3251 cap.
524 3181 544 3236 9
573 3171 618 3230 sic
645 3167 755 3231 habet:
781 3168 904 3230 Placuit
930 3173 1034 3249 etiam,
1061 3184 1098 3232 ut
1116 3175 1141 3232 si
1153 3172 1293 3260 &thabat

27 3288 31 3292 -
71 3252 253 3328 Presbyteri
274 3253 320 3313 vel
342 3254 473 3313 Diaconi
495 3255 662 3336 conjugati,
684 3252 723 3318 ad
744 3266 848 3315 torum
870 3274 998 3314 uxorum
1016 3276 1142 3316 suarum
1175 3231 1286 3279 mm

72 3339 178 3402 redire
199 3336 361 3414 voluerint,
380 3337 483 3420 Papae
504 3337 674 3399 Innocentii
692 3339 857 3415 ordinatio,
867 3338 914 3400 vel
935 3338 1035 3400 Siricii
1048 3341 1263 3424 Epis-affigi„
1283 3379 1320 3419 h,

47 3424 150 3505 ·copi
171 3424 354 3499 auctoritas,
385 3444 463 3504 quae
492 3432 538 3482 est
566 3422 612 3482 bis
640 3423 812 3489 canon-ibus
833 3429 965 3500 inserta,
993 3437 1140 3484 servetur.
1153 3436 1225 3463 ⁰⁰⁰⁰⁰
1229 3427 1255 3465 ²¹¹
1269 3426 1307 3467 ‘¹⁰-

75 3508 175 3584 Quod
196 3509 221 3567 si
243 3505 291 3565 ad>
305 3506 425 3588 aliquos
446 3505 580 3568 formula
601 3507 654 3567 illa
685 3507 903 3569 ecclesiasticae
924 3509 1002 3569 vitae
1026 3513 1142 3591 pariter
1153 3480 1239 3565 iiiiii
1252 3488 1320 3519 ’Μ’

65 3604 112 3671 ,εἰ
134 3589 321 3675 disciplinae,
341 3611 420 3671 quae
440 3612 460 3651 a
479 3589 591 3652 Siricio
619 3591 775 3675 Episcopo
796 3591 835 3653 ad
856 3595 1028 3677 provincias
1060 3615 1145 3668 com-

75 3678 204 3753 meavit,
237 3696 298 3735 non
327 3674 516 3759 probabitur
543 3678 731 3758 pervenisse,
760 3679 802 3738 eis
828 3678 1027 3760 ignorationis
1058 3680 1145 3738 venia

75 3762 255 3835 remittitur,
278 3761 321 3818 ita
341 3759 425 3819 utde
446 3769 566 3819 caetero
587 3760 708 3841 penitus
730 3761 878 3844 incipiant
900 3759 1061 3822 abstinere.
1104 3763 1147 3822 Et

77 3847 125 3908 ita
146 3845 256 3926 gradus
277 3862 357 3919 suos,
379 3844 411 3902 in
432 3842 545 3924 quibus
566 3844 680 3904 inventi
702 3844 837 3922 fuerint,
854 3847 897 3905 sic
918 3847 1086 3920 retineant,
1111 3857 1147 3905 ut

30 3932 33 3936 ’
75 3928 122 3991 ad
143 3930 266 4010 potiora
298 3929 339 3987 eis
368 3948 431 3987 nou
461 3927 551 3987 liceat
576 3928 749 3989 ascenderas
790 3929 912 4007 Quibus
933 3930 965 3989 iu
995 3928 1146 3991 beneficio

45 4063 48 4067 .
76 4033 148 4075 esse
158 4010 258 4086 debet,
282 4025 339 4072 etc.
360 4023 396 4070 ut
419 4011 613 4077 Innocentius
633 4011 718 4072 dixit

107 4128 113 4149 i
168 4107 195 4163 1.
238 4094 271 4155 Β.
291 4092 644 4161 THEOPHYLACTUS
665 4096 697 4155 in
720 4117 788 4178 cap.
818 4108 848 4164 7.
901 4097 990 4158 rioris
1023 4095 1062 4161 ad
1082 4096 1148 4159 Go-

37 4223 40 4227 -
78 4178 231 4245 sinthiosa
273 4178 381 4241 Houor
410 4177 515 4265 itaque
545 4182 615 4263 ejus
634 4191 701 4261 est,
727 4199 847 4245 seruare
909 4183 915 4194 '
992 4182 1147 4269 virginem,
