2782 4786
325 331 907 402 enumeraturum·
1056 298 1150 407 ni·

63 524 200 587 Naaman
222 521 322 600 Syrus
341 521 457 605 lepram
482 540 567 581 suam
591 517 734 579 mundari
755 541 814 603 per
836 538 947 602 aquam
968 534 1137 603 possenna

66 611 208 671 credidit.
259 606 321 669 Sed
359 605 443 688 quod
466 603 654 688 impossibile
676 615 760 679 erat,
784 604 858 666 lecit
879 604 970 665 Deua·
985 598 1135 689 possibile
1159 608 1194 651 lb
1209 602 1313 667 am

66 715 148 792 esse,
174 694 236 792 'qui
250 703 362 752 tantam
383 689 476 751 nobis
500 691 628 787 donavit
645 690 783 772 gratiam.
825 686 971 832 {imiliter
995 658 1313 832 ἱὲιιροιεὶ-Ξὶιὲἕξὲῗᾶ.

64 777 421 922 tlaataiaa
434 785 834 940 reattractus,
856 785 1312 949 a‘latrragna

67 946 258 1006 sacerdotum
291 943 389 1004 officia
410 945 619 1003 transmissum
634 954 689 1001 est.
732 943 862 1003 Factum
882 953 927 1003 est
945 944 1041 1024 igitur
1059 962 1135 1025 pos-

68 1029 176 1105 sibile,
197 1029 281 1110 quod
297 1027 487 1110 impossibile
516 1027 685 1086 videbatur.
953 1078 966 1085 ..

149 1125 178 1180 6.
220 1112 420 1173 CYRlLLUS
453 1110 676 1171 Alexandrinus
711 1111 747 1181 L.
779 1107 853 1181 XII.
895 1111 928 1171 in
966 1112 1135 1185 Ioannem,

68 1219 131 1280 cap.
163 1202 229 1267 wi:
262 1196 430 1273 Quomodo
452 1197 546 1278 igitur
567 1195 665 1275 (dicet
691 1196 905 1277 quispieml,si
932 1208 1006 1256 tune
1027 1194 1136 1255 aberat
1161 1210 1294 1272 ennato·

65 1281 216 1359 Thomas,
245 1280 370 1363 quando
405 1278 601 1339 CHRISTUS
623 1279 748 1339 sulllans
765 1278 856 1339 dixit:
888 1277 1027 1363 Accipite
1045 1268 1312 1361 spirhfflssffss„

64 1379 130 1426 tum
157 1378 317 1442 sanetum,
346 1366 471 1447 spiritus
496 1366 560 1447 ipse
580 1366 735 1447 particeps
766 1363 864 1423 factus
888 1364 955 1424 est?
998 1366 1135 1423 Dicimus
1146 1358 1314 1449 ffi‘ffign

64 1452 160 1533 igitur
184 1453 331 1510 virtutem
353 1451 483 1531 spiritus
507 1468 544 1507 ex
566 1450 734 1509 intentione
765 1446 865 1509 dantis
885 1449 1069 1525 CHRISTI,
1105 1447 1171 1506 ino
1185 1463 1288 1517 rote&-

66 1555 172 1595 omnes
203 1532 372 1614 discipulos
398 1533 618 1615 pertransisse:
651 1555 714 1593 non
738 1534 817 1591 euim
839 1533 1047 1614 quibusdam,
1082 1513 1299 1610 sedlillissl'eli.

67 1619 211 1677 omnibns
232 1615 391 1698 discipulis
411 1616 508 1696 dedit.
563 1618 668 1691 Quare
693 1616 834 1677 libertate
856 1618 971 1696 dantis,
1000 1638 1065 1679 non
1081 1611 1178 1677 ⁸0³³·

66 1700 131 1759 lum
155 1712 351 1782 praesentes,
380 1700 544 1763 sedetiam
567 1701 705 1761 absentes
720 1701 862 1785 Apostoli
884 1704 1025 1785 spiritum
1045 1722 1137 1763 sanc

67 1797 135 1843 tum
149 1797 341 1866 aeceperunt.
384 1782 480 1859 Quod
503 1801 605 1847 autem
629 1807 690 1844 non
719 1785 860 1861 violenta,
880 1786 934 1846 sed
960 1800 1025 1849 tuta
1044 1807 1136 1847 vera·
1210 1852 1214 1867 Ι

69 1889 132 1948 que
149 1870 205 1926 ista
222 1870 300 1929 ratio
324 1869 381 1944 sit,
404 1874 587 1931 auctoritate
606 1882 725 1929 sanctae
746 1871 919 1951 scripturae
948 1864 1135 1930 monstrabi-

65 1973 144 2013 mus.
185 1953 280 2011 Jussit
303 1952 388 2011 Deus
412 1956 567 2035 quondam
591 1957 692 2030 Moysi
714 1956 905 2036 septuaginta
923 1958 1060 2015 seniores
1078 1957 1137 2015 Ju-

65 2036 216 2094 daeornm
243 2033 362 2118 eligere.
416 2039 501 2099 Dixit
539 2051 639 2099 autem
678 2037 717 2098 de
754 2041 886 2121 spiritu,
919 2042 973 2120 qui
1003 2052 1069 2101 erat
1104 2041 1135 2099 in
1145 2060 1214 2102 uun.
1226 2064 1258 2106 n.
1270 2054 1292 2099 ⁶.

64 2120 192 2194 Moyse,
225 2119 396 2181 ablaturum
415 2132 449 2181 'se
484 2135 576 2204 atque
612 2125 825 2204 impositurum
856 2125 886 2182 in
917 2125 983 2184 illis.
1028 2126 1134 2200 Quum
1146 2123 1180 2163 '²¹'

63 2224 139 2263 vero
164 2204 225 2273 duo
254 2203 372 2264 Heldad
395 2218 426 2266 et
447 2208 559 2268 Medad
578 2207 820 2289 de‘srptuaginta
843 2220 898 2266 etc.
943 2210 984 2268 Et
1003 2209 1135 2288 quibus·

67 2286 136 2345 dam
155 2289 337 2368 interjectis:
369 2292 439 2365 Qua
464 2294 563 2374 igitur
587 2295 721 2365 ratione,
748 2292 867 2367 divinae
885 2302 1009 2350 naturae
1031 2291 1133 2373 digni·

68 2381 156 2429 tatem
186 2391 221 2430 ac
244 2383 422 2455 potestatem
458 2375 619 2457 discipulis
651 2377 713 2432 suis
745 2373 878 2432 salvator
915 2374 1041 2456 largitus
1068 2373 1133 2433 est?

69 2457 139 2534 quia
162 2468 245 2515 certe
266 2457 432 2517 absurdum
466 2469 591 2519 nonest
614 2469 739 2538 peecata
765 2457 877 2516 remitti
894 2477 984 2538 posse
1004 2457 1042 2515 ab
1063 2457 1132 2535 illis,

67 2539 122 2619 qui
150 2542 291 2620 spiritum
328 2555 465 2600 sanetum
493 2545 522 2601 in
551 2563 583 2600 se
609 2543 683 2621 ipsis
704 2538 846 2600 habeant
891 2539 965 2598 Nam
987 2561 1055 2600 eum
1074 2544 1133 2624 ipsi

64 2624 222 2683 remittunt
253 2636 307 2685 aut
341 2624 498 2700 detinent,
531 2627 671 2706 spiritus,
720 2626 773 2705 qui
799 2621 918 2683 habitat
938 2627 969 2684 in
989 2628 1048 2701 eis,
1075 2648 1133 2709 per

64 2726 117 2767 eos
151 2711 279 2767 remittit
317 2720 348 2767 et
383 2710 509 2774 detinet.
553 2708 631 2767 -Erit
659 2721 758 2768 autem
788 2709 821 2768 id
843 2729 900 2792 per
923 2732 974 2770 eos
997 2711 1132 2790 duobus,
1229 2732 1234 2743 ‘

62 2802 99 2851 ut
116 2789 274 2865 arbitror,
294 2791 409 2851 modis:
437 2797 569 2876 primum
594 2792 764 2875 baptismo,
795 2793 905 2853 deinde
932 2778 1129 2877 poenitentia.
1232 2810 1234 2813 '

60 2873 140 2935 Nam
163 2887 216 2933 aut
243 2875 417 2946 credentes,
443 2890 472 2937 et
493 2882 572 2938 vitae
597 2881 794 2940 sanctimonia
811 2880 958 2963 probatos
979 2881 1126 2958 homines,
1153 2882 1291 2926 ⁸⁸⁰ffl³⁰¹⁶⁸

60 2960 102 3018 ad
125 2958 308 3039 baptismum
321 2961 492 3039 inducunt,
527 2975 556 3024 et
585 2964 725 3047 indignos
750 2966 822 3024 inde
844 2964 1004 3046 diligenter
1025 2946 1301 3046 expet-hlaibis.

61 3042 148 3114 lunt,
175 3054 227 3100 aut
246 3042 399 3105 Ecclesiae
422 3045 501 3107 filios
520 3061 677 3130 peccantes
701 3050 824 3128 quidem
845 3051 1022 3128 increpant,
1046 3039 1304 3130 poe-{¹il'f„¹252‘,¹’2{]

60 3125 231 3185 nitentibus
252 3141 350 3187 autem
372 3130 538 3214 indulgent.
582 3134 669 3192 Sicut
690 3132 806 3192 Paulus
827 3131 900 3190 olim
924 3132 1124 3192 fornicantem
1135 3092 1287 3220 iiie⁰⁰⁰f⁰'

60 3208 146 3291 apud
186 3211 363 3273 Corinthios
402 3216 432 3274 in
455 3221 618 3298 perniciem
638 3220 737 3277 carnis
759 3214 917 3290 tradebat,
950 3226 982 3274 ut
999 3218 1125 3300 spiritus

61 3295 130 3373 ejus
154 3293 339 3356 salvaretur:
367 3304 543 3382 recepitque
564 3322 689 3376 rursus,
716 3322 754 3373 ne
776 3303 894 3378 majore
914 3299 1126 3385 submergere-

57 3389 113 3438 tur
144 3377 261 3440 dolore.
314 3380 419 3458 Quum
449 3387 544 3468 igitur
566 3389 692 3468 spiritus
723 3383 838 3444 Christi
857 3383 995 3444 habitans
1016 3388 1047 3444 in
1068 3386 1297 3445 ho·1·⁰⁰¹·⁵·1·⁵·

57 3461 210 3538 minibus,
243 3467 308 3524 veri
330 3469 390 3526 Dei
408 3474 615 3551 operationem
633 3470 763 3543 efficiat,
788 3470 947 3550 quomodo
974 3491 1036 3530 non
1069 3473 1128 3530 erit

58 3557 166 3606 natura
195 3549 303 3622 Deus,
335 3553 388 3632 qui
407 3555 588 3615 naturaliter
607 3566 787 3638 potestatem
806 3554 926 3613 divinae
945 3567 1072 3615 naturae
1092 3575 1128 3614 ac

59 3628 237 3712 dignitatem
264 3636 419 3714 possidet,
457 3661 550 3720 quum
575 3642 608 3699 iu
635 3641 768 3699 divinam
796 3639 891 3722 legem
917 3641 1051 3699 eximiam
1070 3638 1130 3699 ha·

57 3711 128 3774 beat
156 3719 390 3778 auctoritatem?

140 3813 170 3867 7.
215 3803 454 3864 GREGORIUS
474 3804 581 3866 homil.
606 3820 655 3874 26.
682 3809 714 3866 in
742 3806 914 3890 evangelia,
944 3809 975 3867 in
997 3827 1031 3866 ea
1057 3828 1128 3866 ver·

57 3878 119 3943 ba:
154 3885 298 3960 Quorum
323 3891 499 3948 remiseritis
527 3903 651 3972 peccata
681 3905 737 3952 eto.
782 3893 862 3951 Ecce
884 3890 1058 3951 nonsolum
1087 3892 1151 3952 de‘
1178 3958 1184 3971 .
1219 3958 1225 3970 ‚

18 4032 21 4039 .
57 3980 149 4028 semet
175 3972 246 4051 ipsis
267 3975 367 4031 securi
387 3972 482 4050 fiunt,
521 3976 686 4051 sedetiam
716 3976 828 4037 alienae
852 3975 1045 4059 obligationis
1065 3961 1298 4063 po-,lliiiihiidi

55 4057 191 4111 testatem
207 4055 398 4117 relaxationis
439 4062 609 4142 accipiunt:
643 4063 910 4143 principatumque
924 4061 1047 4142 superni
1068 4062 1117 4142 ju·
1134 4065 1173 4106 eti.

55 4129 128 4193 dieii
150 4140 341 4199 sortiuntur:
364 4153 399 4201 ut
414 4145 479 4203 vice
495 4147 578 4221 Dei,
608 4145 793 4226 quibusdam
813 4159 937 4228 peecata
964 4147 1124 4221 retineant,

15 4303 19 4311 Ι
51 4217 237 4298 quibusdam
254 4223 399 4292 relaxent.
438 4226 502 4308 Sic,
523 4232 569 4292 sie
601 4251 656 4292 eos
677 4253 696 4293 a
716 4232 786 4293 Deo
808 4230 938 4293 decebat
956 4233 1054 4315 erigi,-
1067 4230 1123 4312 qai
