2790 4792
303 302 403 391 ¹asu
423 318 498 397 cu
515 315 544 383 a
564 302 671 382 at's
691 306 720 382 ‘r
738 318 755 394 a
776 300 882 386 aas
1052 330 1131 400 aaa

59 510 128 575 sola
148 511 182 572 ln
201 505 404 653 sipnapdirina
427 500 639 588 prospiciuntz
673 497 744 584 lps'e
767 488 864 564 autem
883 491 1003 591 semper
1024 488 1127 569 diuino

61 598 177 680 spiritu
205 614 221 654 a
273 591 385 653 excelsa
402 592 560 672 signorum
581 586 688 661 initia,
710 585 849 647 felicibus
870 586 909 650 et*
922 592 1128 674 intelligibili-

61 681 122 763 bus
155 677 301 738 intuenda
339 673 519 745 luminibus,
564 665 722 751 pontificia
752 670 896 754 dignitate
930 694 965 736 ac
985 676 993 703 ·’
1005 678 1125 753 merito,

62 762 274 844 munditiaque
295 760 436 844 singulari
464 755 559 815 divini
575 754 806 835 capaciorisque
827 775 943 837 sensus,
963 758 1126 823 attollitur.

63 842 208 930 Explicat*
230 845 338 906 deinde
358 842 461 904 latius
493 837 682 922 singulorum¹
700 839 814 898 rituum
836 855 941 900 causas
958 838 989 903 et
1009 842 1133 927 signifi-'

64 934 199 994 cationes
218 931 364 1006 mysticas.
426 937 428 940 '
466 957 469 965 »
569 950 572 955 ·
843 920 845 925 ⁸
999 993 1001 997 Ι

146 1030 174 1081 2.
215 1013 321 1074 IDEM
353 1014 385 1071 in
405 1009 501 1091 epist.
539 1016 568 1071 8·
596 1003 635 1065 ad
660 1003 836 1087 Demophil.
860 1010 1018 1072 monach:
1038 998 1126 1073 ‘cum

62 1098 225 1181 aliquando
258 1101 290 1158 in
316 1096 438 1156 Cretam
458 1089 621 1164 venissem,
655 1099 774 1149 sauctus
797 1089 913 1174 Carpus
933 1110 980 1155 me
994 1098 1322 1177 suscepitSanetuscor-⁴
1364 1108 1367 1113 ·

61 1183 215 1266 hospitio,
237 1184 285 1242 vir
301 1180 343 1240 ob
370 1176 508 1237 eximiam
532 1173 623 1231 animi
646 1172 827 1234 munditiam
845 1175 883 1234 ad
908 1178 966 1238 Dei
985 1155 1305 1260 specula-‘ffinissiff‘iu

61 1271 173 1328 tionem
203 1266 290 1345 ultra,
308 1264 410 1324 ferme
438 1275 542 1316 omnes
575 1257 753 1339 aptissimus.
805 1244 947 1341 Denique
973 1243 1221 1342 nunqnam'l‘bm·

62 1363 162 1412 sancta
177 1350 324 1426 mysteria
342 1341 502 1404 celebrare
517 1344 680 1432 coppisset,
705 1341 762 1399 nisi
780 1342 867 1422 prins
890 1345 972 1403 inter
997 1365 1045 1415 eas
1056 1367 1131 1428 pre-

64 1457 110 1495 ces
133 1440 223 1516 (quae
242 1444 332 1515 antea
360 1424 624 1509 consummantur)
655 1443 741 1483 sacra
765 1423 812 1484 illi
842 1447 879 1487 ac
897 1430 1034 1513 propitia
1055 1431 1131 1490 visio

61 1520 263 1603 apparuisset.
479 1580 481 1585 ¹
897 1501 910 1515 ’
1032 1512 1047 1527 ““

150 1613 179 1666 5.
200 1594 398 1657 IGNATIUS
430 1596 462 1652 in
480 1588 577 1676 ‘epist
592 1618 594 1623 ·
609 1590 649 1673 ad
675 1590 862 1671 Smyrnaeis:
883 1592 952 1654 Non
979 1594 1050 1655 licet
1068 1598 1294 1663 sinemurum

64 1684 255 1766 Episcopo,
284 1699 384 1760 neque
411 1677 538 1755 offerre,
565 1688 667 1758 neque¹
682 1673 929 1755 'praecrificium
949 1680 1131 1760 immolare,

66 1785 170 1848 neque
188 1765 299 1822 Missas
316 1761 477 1823 celebrare.
775 1772 779 1779 ’
889 1769 912 1779 ”
1032 1768 1036 1791 ³

105 1866 108 1871 ·
154 1860 183 1916 4.
225 1846 413 1907 JUSTINUS
444 1843 502 1906 Ph.
539 1855 569 1905 et
588 1844 630 1903 Μ.
660 1843 698 1925 Ιἰιι
720 1842 789 1905 dial.
815 1866 884 1906 cnm
909 1846 1038 1931 Trypho
1062 1850 1305 1923 adunaturam.

64 1933 216 1996 ludaeos:
242 1931 325 1989 Deus
354 1931 419 2013 ipse
448 1929 530 1990 testis
564 1939 627 2003 est,
664 1923 720 2009 dui·
741 1931 803 1988 ait:
837 1932 873 1989 In
898 1934 979 1991 omni
1009 1933 1078 1994 loco
1097 1937 1129 1996 in
1165 1948 1169 1959 ⁸

66 2017 208 2102 gentibus
236 2013 510 2095 hostias-acceptas
528 2023 689 2096 gratesque
708 2012 870 2075 immolari.
924 2014 1031 2097 Neque
1054 2032 1128 2081 vern
1183 2024 1186 2031 '

67 2099 266 2183 a'quoquam
297 2098 409 2158 hostias
424 2099 518 2157 ·Deus
543 2099 685 2180 accipit,
705 2100 762 2177 nisi
784 2119 801 2158 a
821 2100 1128 2163 suissacerdotibus.

66 2186 175 2266 Itaque
196 2185 297 2244 omnia
324 2181 484 2256 sacrificia,
513 2201 592 2262 qnae
619 2201 676 2240 suo
706 2184 831 2241 nomine
849 2182 987 2242 facienda
1008 2184 1128 2244 JESUS
1152 2203 1294 2243 secessu-

67 2268 263 2330 CHRISTUS
289 2267 437 2342 tradidit,
461 2265 494 2325 id
511 2276 573 2340 est,
591 2267 622 2322 in
641 2263 836 2323 Eucharistia
849 2269 936 2345 panis
959 2276 989 2323 et
1011 2268 1127 2347 poculi,
1140 2252 1301 2338 ῗξξᾚξξζῗ
1386 2315 1389 2320 .

68 2374 135 2435 quae
155 2353 188 2410 in
211 2353 291 2410 omni
312 2350 379 2410 loco
408 2349 620 2410 aChristianis
639 2343 736 2422 liunt,
758 2350 1036 2429 praeoccupatione
1057 2371 1129 2409 usus
1141 2346 1248 2404 ΨΜ·
1260 2346 1293 2387 aa.

66 2437 168 2511 Deus,
190 2438 248 2496 sibi
268 2448 352 2519 grata
366 2454 435 2494 esse·
445 2444 582 2492 testatur.
626 2429 703 2503 Quae
716 2443 823 2504 =autem
841 2430 956 2493 avo'bis
965 2435 1132 2513 vestrisque
1142 2394 1247 2485 mappam
1261 2400 1307 2436 m·

66 2520 123 2605 illis
148 2520 357 2580 sacerdotibus
374 2517 478 2591 ¹liunt,
502 2511 673 2595 ‘improbat
697 2511 745 2570 his
767 2510 882 2572 v‘erbisz
917 2514 1238 2601 sacrificiaqueuuem.

66 2618 164 2666 vestra
189 2604 360 2665 emanibus
382 2601 487 2659 vestris
514 2618 576 2656 non
598 2596 744 2678 accipiam
767 2609 844 2656 etc·
1033 2630 1036 2635 ·
1132 2620 1134 2625 ·

153 2702 185 2754 5.
225 2680 481 2747 AUGUSTINUS
505 2683 592 2762 epist·
615 2692 664 2746 23·
686 2680 880 2755 ad‘Bonlfae.
902 2687 1011 2768 θρίδαξ
1040 2685 1308 2756 'Non-Inaacraman-

67 2793 105 2835 ne
128 2769 222 2832 semel
237 2770 409 2830 immolatus
427 2777 472 2825 est
493 2764 687 2828 CHRISTUS
708 2766 739 2824 in
757 2787 789 2825 se
814 2769 899 2850 ipso,
923 2781 954 2831 et
976 2784 1075 2833 tam-en
1101 2746 1294 2849 in'llpqdldlll.

68 2858 265 2919 Sacrameuto
295 2873 360 2912 uon
398 2849 494 2917 solum
527 2871 583 2932 per
617 2841 720 2909 omnes
751 2849 886 2913 Paschae
920 2848 1132 2933 solemnitates,
1143 2846 1248 2887 motatur.

67 2942 121 3004 ted
146 2939 238 3013 omni,
265 2937 314 2996 die
337 2934 464 3018 populis
477 2934 666 3011 immolatur,
694 2956 750 2994 nec
772 2939 878 3018 utique
901 2942 1055 3017 mentitur,
1080 2943 1136 3022 qui

66 3026 283 3103 interrogatus
300 3041 368 3079 eum
395 3019 588 3101 responderit
606 3019 775 3079 immolari?
804 3021 935 3081 sienim
958 3023 1139 3084 Sacramen·'

67 3122 98 3171 ta
120 3105 276 3190 quandam
293 3104 519 3164 similitudinem
542 3125 646 3165 earum
669 3118 783 3180 rerum,
808 3125 936 3184 quarum
951 3106 1142 3169 sacramenta¹

68 3204 160 3268 sunt,
182 3210 245 3250 non
265 3188 430 3260 haberent,
453 3189 576 3248 omnino
596 3199 778 3249 sacramenta
800 3209 863 3248 non
881 3198 978 3250 essent
993 3204 1049 3252 etc.
1075 3208 1080 3215 ·
1136 3200 1140 3217 ⁸

155 3288 185 3342 6.
228 3274 335 3334 IDEM
361 3275 547 3356 Augustinus
579 3274 705 3332 L.'XX.
721 3282 817 3331 'cont
843 3274 945 3334 Fau's't.
977 3275 1135 3338 Manichae.

69 3383 136 3446 cap.
156 3371 227 3425 21.:
250 3359 328 3434 Quis
351 3359 430 3417 enim
447 3353 673 3415 Antistitumin
688 3356 763 3429 locis¹
776 3368 949 3417 sanctorum
967 3362 1140 3442 corporum'

69 3448 211 3507 assistens
230 3441 342 3520 altari,
355 3450 358 3455 '
371 3439 536 3524 aliquando
560 3439 636 3499 dixit
647 3465 657 3519 z¹
674 3440 843 3500 ‘Offerimus
871 3441 939 3501 tibi
950 3442 1060 3524 Petre,
1081 3442 1143 3509 aut'
1160 3448 1308 3512 desistemus

68 3529 189 3604 Paule,
208 3536 261 3586 aut
280 3525 450 3609 Cypriane?
470 3525 524 3584 sed
547 3523 633 3604 quod
650 3523 795 3601 offertur,
817 3524 944 3586 offertur
964 3529 1051 3606 Deo,
1079 3534 1131 3612 qui
1142 3501 1245 3591 {¹22²le
1248 3505 1309 3590 llil

68 3625 220 3688 martyres
244 3613 419 3687 coronavit,
441 3608 524 3691 apud
538 3602 841 3685 memorias'eorum,
865 3632 942 3690 quos
959 3601 1311 3688 coronavit:l;'²¹¹²',⁰‘·⁵“⁰'³j

69 3714 105 3760 nt
129 3717 167 3756 ex
187 3697 322 3776 ipsorum
346 3694 486 3755 locurum
505 3682 714 3752 admonitione
731 3695 832 3773 major
853 3693 978 3754 affectus
996 3661 1299 3784 erisu’gatrncoallihsslllltzo

70 3783 108 3843 ad
136 3777 302 3859 acuendam
320 3787 496 3854 caritatem,
531 3790 562 3836 ct
578 3778 609 3835 in
628 3773 714 3851 illos,
737 3797 813 3857 quos
832 3779 942 3838 imitari
955 3772 1121 3862 possumus
1142 3754 1225 3801 ‘im'

70 3880 101 3927 et
121 3868 153 3923 in
175 3863 277 3938 illum,
297 3886 358 3944 quo
372 3864 536 3944 adjuvante
551 3872 732 3945 possumus.
766 3860 904 3920 Ibidema
925 3864 1028 3951 Longe
1039 3834 1135 3955 quipl

69 3972 112 4033 pe
142 3949 271 4006 minoris
307 3950 426 4031 peccati
455 3959 514 4022 est,
566 3945 733 4022 ebrium-{-
764 3945 865 4005 redire
889 3966 908 4007 a
933 3948 1123 4029 'uldrtyrihns
1144 3959 1280 4010 tderidori·

74 4052 168 4112 quam
190 4030 238 4090 rel
259 4032 400 4113 jejunum
429 4030 601 4091 sacrificare
621 4028 817 4106 martyribus
859 4030 1038 4097 'Sacrificare
1054 4001 1138 4101 mm³

73 4115 195 4190 tyribus
218 4116 301 4192 dixi,
328 4139 391 4177 uon
424 4116 486 4176 dixi
516 4113 692 4176 sacrificare
710 4114 778 4175 Deo
798 4117 829 4176 in
844 4120 999 4189 memoriis
1022 4128 1300 4216 marty-,ffirm-

74 4220 160 4263 rum:
183 4199 270 4286 quod
284 4201 527 4287 frequentissime
548 4200 695 4296 facimus,
727 4198 782 4265 illo
805 4199 951 4266 duntaxat
970 4206 1049 4286 ritu,
1074 4228 1138 4290 quo
1155 4175 1320 4266 musaldio

883 4314 958 4391 11*

1142 1652 1269 1693 immolare.
1354 1687 1359 1697 ,
