2790 4792
289 248 938 387 conrinuarronra
1082 279 1134 352 aa

66 482 163 543 Tune
191 477 270 538 enirn
293 477 359 556 ipse
377 462 505 554 S'piritns
532 476 653 527 sanctus
668 475 739 548 post
757 461 900 527 mundata
921 473 953 526 et
971 461 1135 533 benedicta

74 584 211 645 corpora
246 574 335 640 atque
365 559 492 629 animas,
531 551 629 611 libens
653 571 669 610 a
697 560 785 631 patre
805 547 976 625 descendit,
1012 559 1047 607 ut
1081 572 1132 612 vas
1178 552 1187 564 '

76 666 168 706 sunm
189 667 243 706 sua
265 643 432 702 visitatione
458 631 664 696 sanctificaret
694 644 727 690 ct
740 631 923 694 illustraret:
947 645 978 693 et
997 653 1079 694 nunc
1100 639 1133 696 in

75 732 232 793 bominem
253 727 292 788 ad
309 726 368 799 boc
382 723 481 797 venit,
507 731 545 778 ut
565 716 754 800 signaculum
772 713 864 792 fidei,
888 717 974 799 qnod
993 720 1025 779 in
1043 719 1133 781 fron-
1144 735 1304 799 comanno-

75 828 108 875 te
131 815 281 895 suscepit,
316 810 408 883 faciat
433 826 503 864 enm
524 803 612 880 donis
634 799 811 858 caelestibus
834 801 1001 883 repletum:
1025 817 1056 865 et
1079 783 1307 865 sua¹¹''⁰⁵”‘“⁸‘

74 900 173 982 gralia
201 894 419 966 confortatum,
456 885 609 968 intrepide
639 894 668 942 et
698 883 842 945 audacter
872 906 976 945 coram
1010 889 1134 972 regibus

74 994 105 1042 et
133 979 334 1063 potestatibus
362 976 459 1054 hujus
478 968 592 1030 saeculi
610 979 753 1049 portare,
781 988 817 1027 ac
844 988 955 1031 nomen
975 968 1136 1034 CHRISTI

72 1066 171 1145 libera
192 1087 266 1125 voce
290 1060 480 1145 praedicare.
533 1053 575 1112 Et
601 1051 694 1133 paulo
713 1063 805 1133 posit
828 1051 907 1112 Bene
929 1055 1043 1137 quippe
1061 1079 1136 1117 con-
1147 1075 1243 1116 narni·
1254 1075 1295 1114 aa.

73 1151 174 1221 venit,
211 1160 246 1206 nt
277 1165 334 1230 per
357 1142 489 1202 ‘sacrum
515 1135 651 1195 Chrisma
674 1146 702 1194 et
728 1156 785 1217 per
805 1135 1018 1218 pinguedinem
1037 1140 1136 1200 olivae
1146 1124 1286 1214 23:25⁶*

75 1236 170 1316 gratia
189 1233 319 1315 Spiritus
349 1225 448 1286 sancti
463 1219 632 1279 tribuatur:
660 1221 776 1299 quiam
795 1218 914 1300 psalmo
930 1223 1073 1302 scriptum
1094 1235 1139 1282 est

75 1318 112 1393 de
134 1320 204 1399 ipso
224 1314 401 1387 salvatore,
434 1304 518 1385 quod
540 1305 658 1360 unxerit
684 1323 749 1360 cum
776 1303 863 1363 Deus
886 1315 973 1385 pater
992 1305 1059 1366 oleo
1076 1306 1214 1367 lae-rur.
1230 1328 1310 1377 444

75 1403 158 1460 titiae
187 1400 261 1481 prae
280 1386 571 1456 consortibussssuis:
610 1386 653 1444 Et
671 1387 741 1450 item
757 1383 796 1444 de
820 1385 928 1463 nobis,
950 1387 1035 1468 quod
1059 1377 1211 1448 exhi-¹⁰³’
1226 1379 1265 1421 ¹⁵·

75 1484 154 1544 laret
184 1484 293 1542 taciem
326 1484 467 1533 nostram
488 1472 519 1528 in
540 1468 617 1529 oleo.
660 1474 763 1542 Χρέσμα
784 1488 907 1551 graece,
933 1470 1026 1531 latine
1040 1474 1143 1532 unctio
1155 1485 1266 1528 cutm
1333 1530 1337 1535 ,

77 1569 275 1637 nominatur,
303 1579 340 1616 ex
361 1557 448 1634 eujus
465 1574 586 1615 nomine
609 1561 639 1610 et
662 1551 800 1613 Christus
826 1554 956 1631 dicitnr,
978 1566 1058 1616 etex
1076 1558 1143 1639 ipso
1185 1553 1187 1557 ’

77 1651 180 1711 homo
201 1655 274 1727 post
296 1641 450 1700 lavacrum
470 1634 682 1697 sanctificatur.
724 1635 800 1696 Nam
821 1641 900 1700 sicut
916 1641 947 1698 iu
963 1636 1144 1722 baptismate

79 1742 295 1814 peccatorum
313 1724 446 1783 remissio
479 1722 570 1780 datur
598 1719 636 1778 ad
668 1723 800 1797 veniam,
828 1723 870 1782 ita
895 1743 951 1804 per
971 1726 1144 1785 unctionem

81 1810 286 1875 sanctificatio
302 1807 424 1890 spiritus
443 1804 607 1865 adhibetur
631 1804 669 1863 ad
693 1804 832 1886 gloriam.
873 1808 915 1876 Et
937 1807 998 1869 hoc
1023 1810 1062 1868 de
1076 1812 1144 1893 pri-

80 1903 162 1959 stina
195 1896 336 1953 unctione
355 1902 482 1949 tractum
503 1900 548 1948 est
568 1887 752 1969 exemplum,
775 1912 835 1973 qua
858 1893 930 1974 ungi
947 1894 978 1951 in
997 1895 1142 1956 sacerdo·
1221 1922 1225 1929 ’
1252 1894 1255 1901 ’

80 1974 167 2045 tium’
194 1990 224 2037 et
258 1996 383 2059 regnum
409 1974 548 2034 solebant
568 1975 716 2052 ,antiquit
737 1975 830 2035 'unde
851 1988 881 2035 et
909 1975 1010 2036 Aaron
1034 1990 1064 2038 et
1086 1977 1313 2041 filiitxotauae
1353 2018 1358 2027 ,

82 2071 149 2149 ejus
170 2073 242 2146 post
258 2062 408 2120 lavacrum
428 2081 445 2121 a
467 2059 573 2132 Moyse
601 2060 685 2114 uncti
707 2071 796 2135 saint,
820 2071 854 2120 nt
875 2062 1049 2125 sacerdotes
1074 2030 1194 2123 Do-³⁰‘

84 2152 157 2211 mini
194 2147 311 2206 fierent.
368 2143 410 2203 Et
445 2141 543 2200 David
571 2152 601 2200 et
624 2140 769 2202 Salomon
796 2155 827 2202 et
847 2147 960 2205 caeteri
981 2167 1066 2228 reges
1087 2167 1145 2228 per

85 2231 250 2317 propbetas
283 2240 312 2287 et
340 2227 508 2286 sacerdotes
528 2224 645 2308 perfusi
677 2239 748 2301 sunt
770 2246 870 2293 cornu
900 2222 978 2305 olei,
1009 2242 1045 2288 ut
1062 2230 1148 2311 regni
1185 2236 1188 2243 '
1250 2256 1254 2263 ·

90 2313 295 2401 gubernacula
323 2323 466 2371 tenerent.
510 2308 607 2383 Quod
628 2307 704 2365 dum
730 2310 891 2369 carnaliter
908 2309 960 2386 fit,
980 2312 1151 2392 spirituali-

91 2414 138 2461 tcr
157 2394 301 2482 p‘rosrcit,
331 2395 484 2476 quomodo
511 2405 542 2452 ct
564 2394 630 2472 ipsa
646 2390 786 2472 baptismi
804 2395 901 2474 gratia
920 2394 1046 2453 visibilis
1065 2407 1150 2453 actus

90 2497 155 2560 est,
185 2481 270 2563 quod
292 2482 324 2544 in
344 2500 421 2559 aqua
440 2478 627 2558 mergimur:
660 2474 714 2531 scd
737 2474 883 2555 spiritalis
902 2475 1041 2553 effectus,
1065 2476 1151 2559 quod
1213 2516 1216 2529 .

89 2567 249 2630 adelictis
279 2563 470 2623 mundamur.
522 2557 687 2619 Videamus
721 2576 793 2638 ergo
816 2570 847 2619 et
865 2561 957 2642 ipsam
975 2561 1035 2622 olei
1056 2574 1148 2623 natu·

92 2674 175 2727 ram,
200 2652 226 2710 si
251 2648 329 2729 qnid
357 2649 389 2706 in
410 2667 446 2703 ca
465 2645 539 2704 huic
562 2639 772 2724 significationi
789 2647 968 2706 conveniens
984 2650 1148 2729 possitin-

90 2736 210 2818 telliga-
239 2734 351 2793 Olcum
372 2749 504 2807 namque
523 2722 628 2785 ardens
648 2724 814 2805 illuminat,
837 2740 865 2788 et
887 2730 1038 2792 medicans
1054 2744 1147 2809 sanat,
1158 2741 1320 2795 oratpropna·

92 2834 123 2882 et
150 2807 237 2900 aquis
255 2815 390 2874 inlusum
408 2813 582 2894 perspicuas
608 2831 655 2869 eas
674 2810 796 2872 reddit:
829 2815 915 2895 qnod
927 2815 1004 2876 bene
1021 2821 1149 2900 gratiam
1158 2800 1227 2836 Μ’

93 2906 229 2987 Spiritus
254 2900 350 2958 sancti
377 2908 476 2978 potest
491 2896 707 2955 demonstrare.
749 2897 819 2979 Ipse
835 2901 915 2969 enim
934 2898 1051 2961 flamma
1069 2904 1151 2961 cari-

91 2991 164 3049 tatis
186 2996 218 3042 et
247 2979 406 3063 splendore
429 2983 589 3063 sapientiae
606 2981 717 3038 animas
734 2980 891 3043 illuminat.
931 2984 1002 3067 Ipse
1018 2978 1154 3044 medica-

92 3075 176 3134 mine
200 3066 373 3125 clementiae
396 3085 483 3140 suae,
512 3065 705 3147 perveniam
731 3078 928 3146 peccatorum
957 3069 1084 3126 vulnera
1105 3088 1155 3126 sa-

93 3168 155 3217 nat.
203 3151 273 3233 Ipse
289 3148 467 3207 admixtione
488 3150 607 3208 virtutis
627 3168 718 3223 sune,
738 3170 832 3230 aquas
855 3148 998 3232 baptismi
1016 3151 1055 3212 ad
1078 3149 1156 3210 effu-

94 3237 211 3324 gandas
229 3245 424 3317 peccatorum
437 3231 574 3293 tenebras
596 3234 744 3293 veraciter
764 3232 909 3296 illustrat.

530 3551 534 3570 .
604 3477 651 3554 Π·
764 3568 767 3575 ,

95 3683 222 3774 Unde
248 3679 366 3766 nobis
401 3666 690 3796 comprobatur
722 3680 799 3767 hoo
815 3688 1158 3777 Sacramentum?

202 3895 249 3968 a.
285 3862 573 3966 ‘castimoniam
610 3889 781 3967 nabata
819 3892 956 3969 arana·
979 3899 1162 4003 scripura

101 4017 308 4093 secundum
327 4033 489 4117 ¹patrum
520 4031 561 4100 ct¹
587 4014 1052 4097 ¹Ecclcsiaeeontordem
1077 4039 1331 4150 ⁸⁰¹¹·310ssflss32‘

69 4152 82 4246 ᾗ
108 4144 394 4243 tertiani-atqua
424 4137 776 4240 interpretationem.
814 4141 918 4238 ,Huc
937 4147 1043 4239 enim.
1060 4147 1333 4247 succidatis.
