2790 4792
232 362 314 435 gn
478 340 1069 415 nnsacaauurro

317 537 377 600 De
390 546 553 599 uteron.
573 532 696 613 xm,
728 544 761 615 et
776 534 890 619 prioris
908 529 948 594 ad
973 523 1199 591 Timotheum
1215 525 1318 608 quinto,

238 658 275 709 ut
291 647 324 708 in
344 653 438 706 textu.

587 767 964 836 Parrus,

323 953 351 1009 1.
396 939 590 1004 IGNATHJS
615 941 646 1001 in
670 936 800 1023 epistola
824 936 865 998 ad
889 934 1134 1018 smyrnenses,
1158 953 1200 1002 ut
1227 941 1259 1002 in
1270 950 1319 1001 tu·

237 1037 274 1088 tu
293 1035 327 1097 et
342 1046 435 1110 supra
462 1025 501 1086 de
518 1024 689 1107 praeceptis
712 1021 867 1082 Ecclesiae
893 1028 1011 1101 quaest.
1036 1031 1117 1102 η,
1150 1022 1192 1086 Α.
1223 1039 1253 1095 4.

322 1122 353 1177 2.
397 1105 721 1170 CHRYSOSTOMUS
743 1104 796 1165 lib.
819 1118 849 1172 3.
866 1103 905 1163 de
924 1102 1142 1167 sacerdotio:
1181 1108 1320 1170 Sacerdo-

80 1209 210 1274 siquinus
239 1195 316 1256 tium
336 1195 437 1276 ipsum
458 1194 498 1253 in·
511 1206 595 1253 terra
617 1190 741 1272 quidem
762 1189 941 1272 peragitur,
973 1187 1034 1247 sed
1063 1192 1103 1249 in
1128 1213 1242 1254 rerum
1265 1214 1320 1255 cae·

66 1264 174 1351 wlff·
240 1277 359 1340 lestium
381 1277 505 1337 classem
529 1278 726 1356 ordinemque
746 1271 938 1335 referendum
959 1283 1017 1329 est.
1064 1273 1185 1359 Atque
1208 1279 1241 1337 id
1261 1297 1320 1360 pen-

241 1382 332 1444 quam
353 1361 478 1421 merito:
509 1363 622 1444 quippe
648 1379 711 1418 non
724 1355 867 1416 mortalis
891 1351 1085 1435 quisq‘uam,
1110 1381 1180 1420 non
1197 1362 1321 1444 angelus,

136 1440 139 1445 ’
240 1466 305 1506 non
327 1443 551 1529 archangelus,
576 1442 715 1504 nonalia
739 1442 861 1502 suaevis
881 1450 982 1499 creata
1006 1446 1189 1520 potentia,
1205 1448 1261 1505 sed
1280 1447 1322 1526 ip·

241 1551 273 1589 se
292 1527 466 1612 paracletus
491 1528 630 1589 ordinem
657 1524 835 1606 hujusmodi
855 1524 1030 1605 disposuitz
1060 1528 1123 1607 qui
1144 1529 1322 1591 mortalibus

209 1630 213 1635 “
239 1612 416 1674 homiuibus
453 1615 615 1673 etiamnum
644 1612 675 1671 in
700 1629 791 1668 carne
815 1606 1010 1666 manentibus
1042 1623 1165 1671 auctor
1183 1614 1267 1688 fuit,
1291 1622 1337 1673 nt-

175 1703 178 1707 ’
240 1695 421 1782 angelorum·
444 1699 646 1759 ministerium
677 1697 777 1755 ammo
805 1693 1014 1773 conciperent.
1064 1692 1198 1757 Idcirco
1219 1716 1324 1758 neces·

240 1800 272 1841 se
298 1792 345 1840 est
365 1780 550 1840 sacerdotem
574 1782 618 1840 sic
641 1798 705 1839 esse
722 1798 854 1861 purum,
883 1787 919 1834 ut
939 1782 963 1836 si
989 1777 1023 1833 in
1047 1778 1127 1858 ipsis
1154 1781 1248 1843 caelis
1260 1781 1323 1841 col·

241 1862 358 1923 locatus
378 1865 458 1922 inter
481 1862 623 1924 caelestes
643 1862 707 1922 illas
729 1862 855 1921 virtutes
879 1857 998 1918 medius
1013 1872 1120 1922 staret.
1177 1864 1222 1924 Et
1242 1886 1320 1949 pau·

242 1945 276 2004 lo
298 1957 385 2026 post:
404 1997 406 2003 .
423 1945 500 2003 Nam
530 1947 557 2003 si
579 1946 648 2026 quis
677 1944 868 2019 consideret,
894 1955 1046 2023 quantum
1063 1945 1096 2005 id
1126 1949 1168 2008 sit
1200 1961 1319 2022 myste-

240 2029 341 2101 rium,
368 2036 403 2085 ut
421 2028 446 2085 is
466 2026 603 2104 scilicet,
627 2028 683 2108 qui
701 2026 795 2089 homo
816 2030 881 2108 ipse
899 2029 958 2102 sit,
994 2047 1081 2087 carne
1103 2049 1142 2089 ac
1160 2033 1315 2110 sanguine

241 2110 404 2170 etiamnum
431 2121 592 2184 constans,
628 2111 728 2190 iisque
757 2110 933 2184 involutus,
965 2108 1049 2170 beate
1068 2113 1307 2190 atqueimmon-

241 2191 296 2255 toli
331 2204 458 2254 naturae
494 2192 540 2254 illi
569 2191 636 2253 fieri
671 2195 800 2276 propior
817 2205 923 2273 queat:
947 2192 1119 2277 tumprobe
1136 2193 1294 2276 intelliget,

241 2290 359 2361 quanto
382 2277 555 2339 sacerdotes
578 2277 719 2354 honore,
743 2289 858 2359 quanta
884 2276 1034 2358 dignitate
1056 2279 1180 2360 spiritus
1204 2278 1301 2339 sancti

241 2363 339 2446 gratia
354 2360 475 2446 dignata
490 2362 601 2426 fuerit:
626 2354 923 2445 operadtibus'enim
939 2360 1021 2435 illis,
1049 2375 1114 2422 tum
1133 2383 1214 2423 sacra
1229 2360 1309 2436 haec,

241 2467 322 2529 quae
340 2445 431 2524 dieo,
463 2448 621 2509 initiantur
646 2443 932 2529 perficiunturque:
971 2456 1039 2505 tum
1060 2456 1149 2508 etiam
1174 2447 1232 2508 alia
1261 2444 1312 2507 his

241 2529 339 2590 nihilo
363 2531 528 2609 inferiora,
563 2550 641 2615 quae
664 2532 731 2613 ipsa
757 2531 797 2591 ad
820 2530 974 2612 diguitatis
998 2531 1169 2613 salutisque
1189 2543 1315 2591 nostrae

221 2615 392 2673 rationem
412 2627 557 2697 spectant.
600 2613 721 2674 Etenim
742 2617 794 2695 qui
809 2627 919 2674 terram
935 2613 1079 2676 incolunt
1095 2629 1188 2698 atque
1219 2619 1252 2675 in
1280 2635 1315 2675 ea

241 2709 422 2775 versantur,
467 2701 503 2758 iis
536 2699 728 2758 commissum
751 2710 817 2776 est,
853 2709 888 2758 ut
904 2719 955 2774 ea,
973 2716 1053 2778 quae
1075 2702 1108 2759 in
1123 2699 1212 2761 caelis
1232 2696 1313 2776 sunt,

244 2779 438 2861 dispensent:
472 2782 510 2841 iis
541 2782 645 2859 datum
676 2792 736 2857 est,
770 2795 805 2841 ut
829 2794 1011 2863 potestatem
1037 2782 1201 2862 habeant,
1223 2804 1313 2866 quam

242 2862 327 2922 Deus
358 2864 488 2949 optimus
509 2885 607 2945 neque
626 2865 756 2948 angelis,
788 2886 888 2946 neque
908 2866 1100 2948 archangelis
1130 2870 1232 2930 datam
1252 2889 1313 2929 esse

72 2970 153 3016 nattu-
169 2965 209 3018 16.
243 2944 361 3008 voluit:
394 2956 495 3028 neque
520 2951 598 3008 enim
616 2948 656 3008 ad
670 2946 742 3008 illos
764 2948 880 3010 dictum
899 2961 958 3009 est:
1002 2950 1223 3036 Quaecunque
1246 2953 1313 3013 alli-

77 3025 234 3078 ¹⁰·“²⁸’¹⁸·
244 3032 359 3116 gereris
381 3032 415 3091 in
436 3042 543 3107 terrap
568 3045 658 3093 erunt
675 3031 800 3115 alligata
815 3047 846 3093 et
868 3033 1020 3100 incaelo:
1051 3049 1081 3094 et
1108 3056 1312 3119 quaecuuque

149 3146 152 3152 ¹
243 3115 370 3176 solveris
393 3118 546 3190 interra,
570 3127 658 3176 erunt
678 3116 778 3179 soluta
808 3128 839 3176 et
862 3118 893 3176 in
916 3117 1008 3178 caelo.
1050 3120 1182 3184 Habent
1192 3123 1312 3205 quidem

245 3213 277 3260 et
298 3206 453 3261 terrestres
486 3200 642 3284 principes
676 3200 792 3273 ¹vinculi
817 3213 1015 3283 potestatem,
1052 3225 1166 3266 verum
1199 3228 1311 3290 corpo·

244 3302 315 3341 rum
342 3281 450 3344 solnm.
503 3285 542 3343 Id
570 3294 684 3361 autem,
723 3284 809 3364 quod
829 3285 900 3345 dico
924 3288 1123 3348 sacerdotum
1148 3291 1308 3367 vinculum,

245 3365 342 3446 ipsam
373 3368 462 3427 etiam
483 3369 610 3447 animam
628 3367 799 3451 contingit,
833 3381 924 3451 atque
939 3371 978 3430 ad
993 3372 1095 3433 caelos
1119 3395 1224 3459 usque
1243 3395 1310 3460 pcr-

242 3449 347 3510 vaditc
368 3468 466 3533 usqne
487 3450 586 3526 adeo,
616 3462 653 3510 ut
670 3470 872 3533 quaecunque
897 3454 1013 3516 inferne
1037 3460 1221 3522 sacerdotes
1241 3480 1309 3521 eon·

244 3533 394 3609 iecerint,
424 3533 476 3595 illa
505 3535 608 3594 eadem
637 3535 728 3594 Deus·
743 3554 872 3618 superne
900 3549 967 3598 rata
985 3537 1097 3600 habeat
1108 3585 1120 3616 ,
1156 3564 1194 3605 ac
1210 3564 1308 3606 serro-

243 3635 314 3675 rum
347 3619 521 3678 sententiam
547 3619 695 3691 Dominus
712 3618 886 3681 confirmat.
934 3621 1056 3689 Etenim
1075 3628 1232 3705 quidnam
1255 3627 1306 3689 hot

244 3697 416 3762 aliudesse
444 3703 548 3778 dicas,
580 3704 638 3761 nisi
670 3723 786 3765 omnem
812 3726 912 3764 rerum
927 3706 1106 3767 caelestium
1127 3724 1300 3809 potestaten

74 3796 180 3850 uitato.
193 3781 303 3854 saillis
323 3805 340 3844 a
360 3786 428 3846 Deo
455 3805 627 3848 concessam
637 3787 653 3846 l
676 3788 962 3869 .Qnorumcunque
982 3793 1077 3867 enim,
1106 3808 1156 3856 art
1168 3842 1187 3874 ,„
1209 3790 1306 3882 pects-¹

243 3878 275 3927 ta
291 3871 499 3946 retinueritis,
519 3882 633 3930 retenta
663 3884 742 3930 sunt
786 3873 962 3949 Quaenam,
984 3874 1114 3936 obsecro
1126 3922 1139 3954 ,
1177 3891 1306 3965 potestas

219 3948 302 4010 hac
328 3953 388 4013 una
423 3955 524 4035 major
549 3955 743 4036 esse-queat?
786 3957 1102 4027 Patar„,omnifar·iam
1129 3962 1205 4026 filio
1223 3978 1310 4049 pote·

244 4044 349 4093 statem
367 4037 470 4099 dedite
492 4050 641 4099 caeterum
660 4038 747 4099 rideo
764 4041 859 4121 ipsam
879 4041 1003 4101 eandem
1012 4046 1212 4110 omnifariam
1223 4061 1313 4134 pote·

241 4126 347 4175 statem
369 4139 388 4178 a
409 4121 477 4182 Deo
499 4119 567 4184 filio
584 4123 644 4197 illis
659 4123 811 4205 traditam.
852 4124 933 4183 Nam
950 4130 1036 4206 quasi
1053 4129 1118 4208 jam
1133 4133 1169 4207 iq
1194 4133 1312 4198 eaelum

236 4197 395 4280 translati,
419 4223 454 4266 ac
468 4226 563 4288 supra
571 4196 740 4295 :humanam
754 4200 898 4293 ‚naturam
921 4213 1035 4299 positi,
1071 4224 1173 4298 atque
1194 4200 1310 4283 nostris
