2790 4792
430 298 777 379 aurursus,
932 400 935 405 .
1081 304 1134 374 m

69 498 257 558 intrinsecus
284 487 463 559 beneficium
484 486 610 571 gratie,
633 481 752 543 solvens
770 478 927 549 duculum
946 482 1052 568 culpes,
1081 505 1132 546 re.
1224 524 1227 535 .

75 581 243 641 concilians
262 577 378 637 bonum
395 584 525 648 naturae,
548 579 710 651 regenerat
723 565 874 631 hominen
894 570 926 630 in
937 590 1001 633 uno
1017 570 1131 631 CHRI-

76 663 172 738 STO,
197 684 232 723 ex
257 682 320 722 uno
341 658 434 718 Adam
455 665 642 740 generatum.

164 781 211 836 18.
252 766 361 828 IDEM
394 786 473 849 sup..
490 761 581 822 Num.
614 770 814 838 quaest.·53.:
858 758 920 839 Qui
943 772 1130 825 sacramento
1142 760 1307 817 uenatum.

73 848 224 937 baptismi
239 865 320 912 recte
348 849 498 922 abluitur,
521 841 607 926 quod
629 843 678 902 illa
709 844 889 926 aspersionis
911 868 988 928 aqua
1014 846 1132 932 figura.

72 939 184 1014 batur,
219 935 382 996 mundatur
402 928 594 1017 spiritaliter,
629 927 744 1004 idest,
774 929 967 990 invisibiliter
988 933 1020 992 in
1041 952 1305 1011 carnuntum„

72 1035 102 1083 et
123 1025 156 1082 in
177 1022 282 1098 anima,
304 1033 341 1080 ut
362 1021 404 1079 sit
424 1013 557 1076 mundus
579 1022 609 1070 et
631 1032 771 1094 corpore,
794 1024 825 1073 et
846 1015 964 1095 spiritu.
1143 1009 1234 1049 ἥψω·

157 1141 206 1196 19.
248 1128 357 1188 IDEM
378 1127 414 1185 L.
436 1121 492 1183 tv.
515 1117 645 1177 confess.
662 1139 688 1178 c.
703 1131 732 1186 4.
746 1120 784 1178 de
806 1120 938 1200 quodam
959 1142 1015 1181 suo
1034 1122 1130 1180 amico
1175 1140 1307 1200 repetemus

72 1212 225 1298 loquens:
262 1213 338 1272 Cum
357 1209 514 1268 laboraret
532 1200 584 1260 ille
605 1200 755 1279 febribus,
777 1202 875 1284 jacuit
886 1205 940 1264 diu
958 1206 1022 1265 sine
1045 1201 1288 1280 sensussssffnffl'

72 1296 232 1359 insudare
255 1293 381 1355 lethali:
405 1302 434 1349 et
457 1306 528 1346 cum
552 1284 780 1368 desperaretur,
811 1286 983 1370 baptizatus
1005 1300 1049 1347 est
1066 1309 1137 1345 nes-

72 1385 165 1456 ciens,
188 1400 324 1440 menon
351 1384 488 1447 curante,
513 1381 543 1428 et
567 1380 784 1450 praesumente,
811 1370 845 1430 id
878 1374 1009 1432 retinere
1032 1371 1138 1452 potius

72 1468 204 1527 animam
226 1464 306 1541 ejus,
328 1457 417 1538 quod
440 1477 457 1514 a
477 1474 525 1513 me
552 1465 729 1536 acceperat,
751 1474 814 1514 non
838 1454 928 1535 quod
949 1457 981 1515 in
1002 1452 1140 1513 nescien-

71 1550 110 1609 tis
134 1566 271 1628 corpore
293 1541 397 1601 fiebat.
439 1539 552 1619 Longe,
570 1548 670 1597 autem
684 1600 686 1605 ,
699 1538 785 1597 aliter
807 1550 892 1598 erat:
921 1560 989 1599 nam
1017 1558 1140 1598 recrea-

71 1646 125 1693 tus
152 1640 199 1688 est
222 1638 251 1685 et
272 1625 373 1684 salvus
394 1621 500 1681 factus.
544 1619 711 1702 Statimque
734 1635 769 1681 ut
788 1625 919 1706 primum
941 1645 1008 1683 cum
1032 1643 1069 1681 eo
1089 1621 1140 1683 lo-

73 1717 133 1794 qui
157 1714 265 1794 potui:
300 1709 389 1791 potui
416 1718 516 1767 autem
541 1725 619 1781 mor,
641 1720 676 1764 ut
697 1705 746 1765 ille
768 1709 885 1788 potuit,
908 1709 1050 1789 quoniam
1072 1728 1135 1766 non

74 1793 275 1857 discedebam
302 1805 332 1851 et
355 1793 440 1849 nimis
462 1788 666 1871 pendebamus
695 1810 728 1848 ex
749 1791 895 1867 invicem,
918 1793 1028 1852 tentavi
1051 1792 1134 1873 apud

71 1882 161 1942 illum
183 1877 335 1951 irridere,
356 1886 496 1956 tanquam
517 1883 545 1931 et
567 1871 619 1932 illo
641 1875 771 1934 irrisuro
798 1896 914 1935 mecum
939 1867 1145 1959 baptismum,
1194 1892 1202 1905 ⁶

74 1984 167 2047 quem
182 1970 347 2042 acceperat,
370 1970 466 2017 mente
488 1968 578 2037 atque
591 1979 680 2018 sensu
691 1957 935 2021 absentissimus:
958 1960 1010 2021 sed
1032 1972 1132 2021 tamen

74 2071 104 2109 se
126 2051 191 2128 jam
212 2046 358 2126 accepisse
380 2043 536 2102 didicerat.
579 2041 619 2100 At
640 2043 692 2102 ille
715 2044 757 2104 ita
770 2065 816 2104 me
838 2044 996 2105 exhorruit
1018 2058 1051 2105 ut
1072 2046 1133 2104 ini-

74 2135 206 2205 micum,
224 2127 453 2209 admonuitque
480 2124 610 2185 mirabili
633 2139 663 2185 et
684 2131 843 2210 repentina
864 2127 1016 2206 libertate,
1037 2142 1082 2207 ut,
1107 2131 1133 2189 si

10 2262 13 2281 .
76 2218 190 2276 amicus
212 2234 274 2272 esse
294 2211 409 2289 vellem,
429 2209 501 2271 talia
521 2210 579 2269 sibi
603 2211 704 2268 dicere
726 2212 901 2271 desinerem.
943 2214 1010 2295 Ego
1033 2226 1134 2274 autem

10 2346 13 2359 .
77 2310 234 2381 suspectus
257 2308 345 2378 atquc
366 2296 519 2368 turbatus,
542 2294 648 2355 distuli
671 2315 772 2355 omnes
792 2298 895 2355 motus
916 2316 1000 2357 meos
1023 2308 1080 2356 etc.

161 2430 211 2486 20.
253 2412 507 2475 LACTANTIUS
529 2412 564 2469 L.
596 2411 660 2468 tlt·
676 2411 769 2475 divin.
798 2413 979 2474 institution.
1009 2434 1035 2472 c.
1067 2427 1137 2481 26.:

10 2552 15 2583 4
77 2503 137 2562 Dei
149 2513 323 2584 praecepta,
345 2500 416 2580 quia
439 2509 470 2556 et
493 2492 642 2574 simplicia
664 2507 693 2553 et
713 2515 784 2553 vera
804 2507 894 2573 sunt,
917 2510 1064 2578 quantum
1084 2520 1138 2558 ra.

10 2640 30 2659 ,,
77 2585 158 2646 leant
184 2589 217 2645 in
248 2585 352 2644 animis
384 2582 558 2652 hominum,
580 2579 759 2657 quotidiana
788 2582 986 2662 experimenta
1008 2584 1136 2643 demon·

10 2718 20 2751 ι
78 2681 182 2731 strant.
224 2671 271 2728 Da
290 2667 364 2726 mibi
386 2669 496 2735 virum,
520 2661 572 2742 qui
598 2664 637 2722 sit
655 2663 827 2740 iracundus,
849 2667 1024 2743 maledicus,
1047 2668 1136 2728 ell're-

11 2806 37 2835 ἢ,
78 2768 184 2815 natus:
213 2751 401 2834 paucissimis
436 2747 494 2804 Dei
523 2745 621 2804 verbis
654 2759 713 2807 tam
737 2748 905 2830 placidum,
936 2774 1025 2834 quam
1049 2775 1136 2812 ovem

21 2880 24 2885 -
80 2839 214 2899 reddam.
256 2836 305 2893 Da
326 2829 484 2912 cupidum,
506 2851 634 2908 avarum,
656 2846 807 2894 tenacem:
828 2839 889 2917 jam
904 2836 960 2898 tibi
975 2859 1040 2897 eum
1057 2837 1136 2899 libc-

9 2920 32 2985 ;.'·
79 2923 171 2984 ralem
196 2920 301 2990 dabo,
324 2927 355 2974 et
377 2916 532 2995 pecuniam
555 2936 638 2976 suam
658 2918 754 3000 plenis
787 2920 925 2981 manibus
951 2921 1134 3004 largientem.

9 2986 31 3091 :s-
80 3008 125 3069 Da
146 3002 293 3066 timidum
315 2998 430 3058 doloris
452 3020 487 3059 ac
507 3003 631 3061 mortis:
653 3005 714 3083 jam
737 3024 841 3065 cruces
864 3015 893 3063 et
913 3007 1007 3086 ignes,
1031 3017 1060 3064 et
1080 3023 1137 3088 pe-

9 3096 32 3175 ,ss
59 3091 175 3153 =ticula
209 3097 240 3145 et
270 3081 441 3143 Phalaridis
470 3094 592 3144 taurum
625 3099 806 3148 contemnet
858 3088 908 3147 Da
929 3088 1137 3160 libidinosum,

9 3168 39 3261 ,ξ
79 3175 263 3246 adulterum,
286 3187 464 3250 ganeonem:
497 3164 555 3248 iam
587 3171 740 3246 sobrium,
768 3183 905 3246 eastum,
937 3173 1139 3232 continentem

9 3276 34 3343 „t
80 3259 211 3319 ridebis.
255 3255 302 3312 Da
325 3249 478 3309 crudelem
498 3263 529 3310 et
547 3257 699 3337 sanguinis
721 3267 928 3338 appetentem,
949 3257 1011 3336 jam
1032 3259 1064 3317 in
1086 3278 1138 3316 ve·

81 3364 144 3405 nm
165 3337 356 3400 clementiam
378 3334 470 3393 furor
490 3334 541 3394 ille
569 3339 741 3398 mutabitur.
785 3341 832 3398 Da
853 3341 1010 3417 iniustum,
1032 3343 1310 3424 insipi-Istvqerobtr·

76 3440 194 3502 mrem,
214 3433 427 3506 peccatorem:
450 3419 593 3480 contiuuo
615 3434 645 3482 et
655 3443 770 3504 aquus,
793 3435 823 3483 et
832 3425 977 3505 prudens,
998 3429 1027 3485 et
1048 3407 1311 3492 inno-lillifliss

80 3532 150 3573 aeris
171 3511 247 3568 erit:
267 3527 329 3566 uno
349 3506 437 3563 enim¹
450 3502 569 3564 lavacro
582 3502 692 3566 malitia
707 3509 804 3566 omnis
819 3508 1000 3570 abolebitur.
1043 3512 1139 3573 Tanta
1149 3501 1229 3561 ¹⁰¹³*

80 3594 192 3657 divina:
214 3591 365 3673 sapientiae
395 3590 438 3647 vis
462 3602 528 3664 est,
551 3600 586 3647 ut
607 3591 637 3648 in
658 3589 788 3650 hominis
809 3605 913 3675 pectus
935 3595 1052 3673 infusa,
1073 3618 1139 3658 ma-

8 3666 37 3755 ‚q‘
82 3692 158 3741 uem
192 3676 375 3736 delictorum
397 3671 555 3732 stultitiam
576 3693 639 3732 uno
666 3675 755 3734 semel
776 3679 891 3760 impetu
911 3699 945 3737 ex
968 3678 1047 3740 ellat.
1088 3681 1137 3743 Ad

10 3758 33 3837 ς’
83 3763 170 3847 qttod
193 3756 381 3821 efficiendum
404 3778 466 3818 non
488 3758 637 3832 mercede,
658 3780 719 3817 non
746 3759 840 3837 libris,
862 3782 924 3821 non
944 3701 1138 3827 bicubratio·

8 3836 39 3925 ,¹
88 3847 174 3909 nibus
198 3864 275 3927 opus
298 3854 351 3901 est.
394 3842 495 3902 Gratis
515 3845 573 3903 ista
594 3839 682 3917 fiunt,
699 3842 796 3919 facile,
819 3847 890 3922 cito,
912 3846 1138 3932 modopateaut

8 3944 33 4009 ι·
91 3948 187 4008 ures,
225 3939 255 3988 et
279 3937 385 4010 pectus
418 3929 596 4009 sapientiam
630 3929 721 3986 sitiat.
767 3929 863 3990 Nemo
894 3943 1051 3994 vereatur·
1066 3944 1138 3995 nos:

95 4028 193 4095 epm
215 4032 280 4071 non
300 4010 473 4089 vendimus,
493 4033 550 4073 nec
569 4011 664 4072 solem
687 4013 824 4075 mercede
842 4027 1037 4098 praestamus.
1081 4020 1139 4078 Dei

96 4092 156 4159 fn
170 4096 350 4159 uberrimus
371 4116 405 4155 ac
426 4096 615 4178 plenissimus
628 4109 714 4180 patet
734 4101 865 4176 cunctis,
894 4112 923 4161 et
942 4099 1005 4163 hoc
1025 4102 1141 4163 celeste

7 4116 51 4299 a
86 4177 186 4246 tm
207 4181 357 4242 universis
371 4182 482 4259 oritm,
503 4183 679 4265 quicunque
704 4181 812 4248 oculor
825 4183 948 4249 habent.
991 4186 1140 4268 liumquis
