2782 4786
254 348 332 414 253
499 330 579 396 Ιὶ-Ἐ
620 330 1086 399 SAGRAME-NTO

255 535 366 586 menta,
389 521 535 581 distincta
551 539 617 581 non
631 520 710 596 sint,
731 531 837 602 atquc·
849 519 919 579 ideo
939 520 1159 601 poenitentlam
1177 541 1248 582 non
1271 541 1343 582 rec-

256 624 288 672 te
320 605 489 707 secundam
522 617 596 689 post
631 604 826 701 naufragium
872 604 1007 664 tabulam
1051 605 1229 691 appellari,
1268 628 1342 667 aua.

105 783 111 790 ’
160 775 163 781 ’
257 695 725 844 themiit-mililil'tTULLIrlNUS
759 773 791 833 in
825 771 906 833 libro
933 773 970 833 de
985 775 1197 856 poenitentia:
1244 774 1343 836 Nemo

84 862 533 963 nomana³d⁰l¹⁸⁰⁰l⁸²⁰¹⁰i⁰¹
550 861 605 933 sit,
630 860 703 938 quia
718 858 808 916 'Deus
828 857 936 918 melion
955 873 1020 933 est,
1040 862 1129 918 toties
1150 858 1343 940 delinquen-

83 967 188 1009 cineum,
199 961 250 1018 qun
264 951 326 1022 do,
364 949 485 1025 quoties
518 945 695 1027 ignoscitur.
723 943 909 1015 ·Caete1·um
934 940 1024 1002 finem
1043 946 1152 1024 utique
1186 946 1343 1005 evadendi

83 1010 402 1107 lilssaaiiil⁸'habebtt,
440 1042 510 1089 'cum
540 1026 713 1086 ollendendi
742 1047 805 1086 uon
836 1025 973 1086 babebit.
1027 1027 1185 1088 Evasimus
1225 1031 1342 1106 semel,

46 1134 48 1139 ’
83 1109 225 1204 ξξξ“ξζζῗ1ῗ;
261 1120 407 1180 hactenus
441 1112 627 1196 ,periculosis
659 1123 777 1171 nosmet
804 1117 885 1194 ipsos
909 1112 1087 1189 inferamus,
1119 1125 1152 1172 et
1176 1115 1205 1172 si
1229 1116 1342 1174 iterum

86 1219 129 1256 eu.
260 1204 379 1265 evasuri
401 1200 551 1258 videmur.
593 1196 737 1276 Plerique
761 1194 923 1279 naufragio
945 1196 1082 1267 liberati,
1108 1199 1222 1258 exinde
1246 1221 1342 1283 repu-

234 1290 346 1349 dium
373 1296 403 1344 et
421 1286 490 1343 nari
512 1293 543 1341 et
571 1282 789 1356 maridicunt,
831 1294 862 1341 et
884 1281 943 1341 Dei
969 1280 1174 1357 beneficium,
1209 1284 1341 1344 salutem

198 1394 201 1401 ’
260 1395 344 1435 suam
369 1370 485 1430 seilicet
496 1371 676 1442 ,artemone
693 1364 821 1449 periculi
843 1364 1009 1426 honorant.
1052 1368 1160 1427 Laudo
1180 1369 1340 1446 timorem,

262 1460 359 1541 diligo
388 1453 622 1525 verecundiam,
666 1449 780 1511 nolunt
811 1451 922 1533 iterum
960 1451 1078 1512 divinae
1105 1455 1344 1513 misericordiae

261 1546 347 1605 oneri
364 1560 452 1612 essee
467 1538 639 1597 formidant
657 1535 755 1594 videri
780 1534 951 1612 inculcare,
971 1537 1064 1616 quod·
1071 1541 1238 1598 consecuti
1254 1553 1342 1599 sient:

261 1629 344 1690 bona
371 1636 451 1683 certe
480 1621 677 1681 solicitudine
698 1624 809 1678 iterum
833 1621 960 1703 experiri
985 1623 1103 1697 vitant,
1146 1623 1238 1704 quod
1255 1623 1345 1683 semel

262 1715 436 1773 didicerunt
467 1709 583 1766 timere.
638 1706 685 1764 Ita
708 1703 816 1764 modus
836 1700 1034 1781 temeritatis,
1073 1709 1199 1766 testatio
1228 1720 1274 1767 est
1298 1711 1339 1768 ti-

262 1799 372 1856 moris.-
406 1792 512 1851 Zimor
536 1803 637 1849 autem
663 1789 825 1861 hominis,-
854 1789 912 1849 Dei
946 1787 1050 1849 bonor
1068 1802 1122 1849 est.
1146 1791 1241 1861 ‚sed
1261 1815 1340 1854 enim

261 1878 523 1965 pervicacissimus
554 1874 652 1933 bostis
693 1873 763 1949 ille,
799 1894 956 1953 nunquam
990 1874 1123 1937 malitiae
1143 1895 1221 1935 suae
1244 1881 1343 1937 otium

264 1964 346 2024 facit.
396 1961 438 2018 ‹At
464 1959 539 2037 quin
569 1968 642 2015 tunc
675 1959 943 2031 maxime-saevit,
974 1980 1042 2017 curn
1062 1958 1220 2018 bominem
1245 1962 1339 2041 plene

185 2044 209 2100 ’.
263 2048 356 2107 sentit
376 2043 556 2115 liberatum:
593 2052 667 2099 tunc
685 2040 850 2121 plurimum
874 2043 1068 2117 accenditur,
1095 2038 1341 2129 ddmextingui-

264 2147 325 2193 tur.
368 2127 481 2188 Doleat
495 2136 524 2184 et
545 2125 719 2207 ingemiscat
734 2142 855 2183 necesse
871 2137 916 2183 est
938 2130 1028 2186 venia·
1043 2141 1238 2209 peccatorum
1255 2149 1337 2209 per·-

264 2219 374 2290 missa,
388 2204 450 2272 ¹Jtot
470 2214 502 2269 in
522 2209 646 2269 bomine
668 2210 774 2279 mortis
790 2228 887 2290 opera
912 2209 1023 2283 diruta,
1051 2225 1099 2271 tot
1117 2211 1220 2272 titulos
1244 2212 1336 2270 dam-¹

264 2301 396 2363 nationis
423 2311 505 2356 retro
530 2311 604 2354 ‘suae
624 2308 737 2355 erasos.
794 2292 907 2370 Dolet,
938 2298 1024 2377 quod
1045 2300 1144 2378 ipsum
1165 2309 1194 2357 et
1212 2298 1341 2380 angelos

91 2398 103 2421 ²·
198 2402 218 2411 ··
298 2408 348 2463 us,
379 2377 505 2443 Christi
530 2376 635 2439 sert'us
659 2377 709 2437 ille
740 2377 885 2460 peccator
910 2380 1105 2460 judicaturus
1126 2394 1186 2442 est.
1230 2382 1345 2463 Itaque

232 2490 236 2498 ·
310 2460 426 2544 servat',
441 2476 623 2549 oppugnat,
646 2463 786 2538 obsidet,
805 2465 830 2522 si
854 2484 914 2543 qua
936 2468 1032 2546 possit
1056 2478 1123 2526 aut·
1141 2465 1253 2526 oculos
1266 2488 1347 2526 con-

266 2555 451 2638 cupiscentia
472 2548 586 2610 carnali
612 2550 721 2623 ferire,
758 2559 812 2606 aut
832 2552 963 2607 animum
989 2550 1144 2610 illecebris
1173 2552 1348 2612 saeculari-

266 2643 324 2700 bus
354 2638 492 2711 irretire,
531 2645 585 2693 aut
605 2631 698 2692 fidem
717 2644 854 2692 terrenae
876 2637 1034 2716 potestatis
1060 2635 1234 2696 formidine
1257 2658 1347 2696 ever-

170 2724 189 2729 ”
266 2737 352 2798 tere,
389 2732 443 2778 aut
475 2733 493 2776 'a
520 2713 568 2774 ¹via
599 2730 681 2776 certa
708 2720 857 2798 perversis
889 2718 1105 2777 traditionibus
1130 2720 1349 2803 detorquere:

264 2829 327 2868 non
353 2800 523 2875 scandalis,
554 2820 618 2859 non
648 2802 870 2860 tentationibus
892 2800 1006 2864 deficit.
1066 2805 1272 2888 Haec'igitur
1291 2827 1347 2865 re-

263 2882 342 2952 nena
373 2889 457 2968 ejus,
484 2884 648 2966 providens
677 2884 777 2960 Deus,
803 2885 906 2947 clausa
926 2887 996 2946 licet
1016 2890 1226 2971 ignoscentiae
1251 2892 1348 2972 janua

264 2987 296 3037 et
318 2972 509 3035 intinctionis
524 2986 589 3028 sera
609 2964 787 3045 obstructa,
824 2969 942 3049 aliquid
964 2972 1064 3033 adbuc
1088 2976 1234 3055 permisit
1257 2987 1346 3058 pate-

90 3079 243 3132 rourapue.
266 3081 310 3123 ra.
364 3055 535 3117 'Collocavit
565 3053 596 3111 in
618 3052 770 3112 vestibulo
805 3061 1023 3134 poenitentiam
1051 3058 1239 3135 secundam,
1266 3080 1346 3141 quae

91 3141 243 3181 ”mmm
266 3140 460 3229 pffin'ntibus
497 3136 676 3220 patefaciat:
712 3137 767 3197 sed
804 3139 867 3217 jam
893 3141 1003 3215 semel,
1032 3143 1102 3221 quia
1128 3144 1194 3222 jam
1234 3164 1345 3204 seeun-

92 3188 128 3222 σοι
137 3181 256 3234 poeniten-

91 3231 137 3317 *ἐξ
148 3227 257 3329 {mg
268 3232 319 3290 do:
357 3226 421 3287 sed·
441 3223 569 3306 amplius
604 3240 780 3302 nunquam,
813 3224 885 3302 quia
919 3227 1056 3305 proxime
1092 3227 1217 3287 frustra.
1274 3229 1344 3289 Nou

91 3327 166 3384 niusa
177 3328 245 3376 janua
267 3316 348 3373 enim
371 3322 401 3370 et
416 3308 477 3372 buc
496 3307 587 3366 semel
602 3308 673 3365 satis
695 3306 762 3364 est?
805 3306 926 3382 Habes,
958 3311 1043 3390 quod
1061 3311 1123 3390 jam
1151 3333 1217 3370 non
1245 3332 1348 3372 mere-

89 3374 369 3472 tl;?l⁰¹⁸⁶¹¹'haris‚
402 3393 525 3454 amisisti
547 3391 642 3464 enim,
679 3390 974 3472 quod-acceperas·
1000 3395 1033 3452 si
1061 3395 1118 3453 tibi
1145 3396 1343 3480 indulgentia

265 3481 392 3542 Domini
411 3475 643 3547 accommodat,
670 3474 752 3535 unde
768 3488 930 3548 restituas,
959 3479 1044 3559 quod
1065 3481 1228 3556 amiseras,
1248 3485 1343 3541 itera-

264 3579 297 3626 to
322 3559 472 3624 beneficio
491 3570 598 3642 gratus
629 3570 712 3635 esto,
747 3560 860 3618 nedum
876 3560 1039 3641 ampliato:
1073 3566 1173 3644 majus
1199 3570 1342 3625 estenim

265 3651 448 3719 restituere,
480 3663 571 3724 quam
602 3641 692 3716 dare,
737 3647 881 3724 quoniam
910 3648 1048 3706 miserius
1071 3662 1122 3708 'est
1152 3650 1341 3731 perdidisse,

266 3753 358 3814 quam
382 3731 507 3791 omnino
526 3746 588 3786 non
615 3728 773 3808 accepisse.
829 3726 944 3788 Verum
964 3750 1025 3789 non
1049 3736 1151 3792 statim
1172 3736 1342 3794 succiden-

169 3836 173 3853 ·
266 3815 324 3874 dus
358 3837 393 3874 ac
424 3811 618 3873 subruendus
652 3823 696 3869 est
724 3813 841 3872 animus
865 3807 1090 3893 desperatione,
1128 3818 1153 3875 si
1182 3820 1342 3878 secundae

171 3898 207 3957 ἐἴ
264 3900 337 3978 'quis
354 3897 560 3981 poenitentiae
583 3892 711 3953 debitor
728 3896 839 3956 luerit:
868 3900 971 3979 pigeat
1000 3921 1072 3959 sane
1096 3920 1228 3981 peccare
1264 3925 1342 3961 rur-

266 4000 336 4055 sus,
371 3980 426 4039 sed
446 3978 552 4040 rurstis
574 3979 729 4060 poenitere
755 4000 816 4040 non
837 3981 953 4061 pigeat:
977 3986 1078 4066 pigeat
1106 3987 1221 4045 iterum
1248 3989 1340 4071 peri-

266 4062 384 4138 clitari,
406 4063 460 4121 sed
482 4083 545 4122 non
565 4064 673 4120 iterum
688 4061 822 4124 liberari.
865 4064 1022 4126 Neminem
1047 4069 1180 4149 pudeat:
1212 4071 1340 4131 Iteratae

263 4145 446 4207 valetudinis
476 4145 615 4206 iteranda
645 4156 691 4208 est
708 4147 878 4208 medicina:
907 4162 1011 4232 gratus
1036 4155 1067 4212 in
1088 4155 1261 4217 Dominum
1277 4176 1341 4218 ex.
