2790 4792
66 314 151 389 sm
494 303 856 407 .1NDBX

75 492 198 554 ordinis
232 509 283 547 seu
313 491 505 551 ordinationis
539 491 622 562 eujus
729 487 861 564 origenis
890 486 927 546 de
961 488 1276 553 abrenuntiationem

115 566 160 621 vis
180 567 241 619 sive
262 576 385 638 potestas
404 576 512 637 quanta
630 575 692 627 187,
765 562 906 635 baptismo
924 563 1075 618 sententia
1212 564 1218 572 '
1358 564 1362 569 '

78 639 200 698 Ordinis
218 650 247 694 et
257 639 428 708 matrimonii
439 638 623 711 qualis-ccm-
729 635 863 722 Origenis
884 633 919 688 de
939 636 1106 691 multarum
1138 656 1278 697 caeream·

116 713 232 785 paratio
257 771 260 776 ,
628 717 691 780 110,
764 725 878 763 ararum
894 709 1005 764 ratione
1024 709 1189 782 obseura,
1209 714 1278 770 testi.

79 784 198 843 Ordinis
211 780 622 838 autordinationissaeramen·
766 780 895 835 monium
1295 791 1328 847 23,

115 858 180 910 talis
199 865 372 909 momentum
392 866 530 926 quantum
550 864 613 916 560.
629 865 691 918 561.
729 852 866 928 origenis
890 849 925 906 de
952 854 1160 923 parvulorum
1179 857 1277 934 baptis

83 929 202 987 Ordinis
230 939 278 981 aut
307 927 501 982 ordinationis
531 947 623 984 saere-
765 945 812 982 mo
832 924 974 980 sententia
1296 937 1332 992 65,

116 1001 245 1057 mentalis
265 1000 386 1053 snateria
405 1019 479 1073 quac
630 1010 693 1065 666.
764 1000 800 1054 de
816 996 1126 1068 abrenuntiationem
1134 1001 1278 1077 baptismo

80 1072 197 1137 Ordinis
228 1092 279 1128 seu
312 1071 504 1128 ordinationis
529 1091 621 1128 sacra·
764 1074 840 1127 faeta
1297 1087 1332 1138 ῃ,
1369 1074 1371 1081 “

114 1147 246 1201 mentalis
265 1138 370 1218 eredes
389 1159 461 1220 quot
481 1149 576 1220 etqui
626 1156 690 1211 886·
765 1145 801 1200 de
816 1141 1004 1199 confectione
1020 1146 1211 1203 eucharistiae
1282 1160 1334 1211 100.

83 1220 227 1277 Ordinmn
250 1231 279 1276 ct
298 1220 439 1292 graduum
463 1220 493 1274 in
522 1219 619 1276 Eccle·
764 1219 801 1273 de
829 1215 970 1271 imitando
997 1223 1166 1292 sumpturis
1181 1221 1274 1278 euma-

99 1294 158 1347 -sia
178 1293 361 1348 diversorum
379 1293 501 1353 assertio
587 1346 591 1352 ,
627 1301 689 1356 568,
763 1291 873 1345 ristiam
893 1291 1070 1348 centurione
1277 1303 1331 1356 155,

85 1365 206 1421 Ordinis
237 1365 313 1420 sacri
341 1377 390 1421 aut
408 1366 621 1422 sacramentalis
764 1364 800 1419 de
832 1361 934 1418 sedula
962 1364 1119 1423 Dominici
1148 1366 1277 1443 eorporis

116 1439 234 1495 effectus
255 1450 283 1493 et
302 1438 451 1495 character
470 1440 562 1512 qualis
627 1445 690 1500 868.
761 1434 987 1492 'conservatione
1213 1494 1216 1497 ,
1283 1447 1329 1501 208.

82 1511 223 1570 Ordinem
253 1530 304 1569 seu
332 1513 545 1569 ordinationem
578 1530 621 1567 sa·
764 1511 799 1565 de
820 1508 1050 1582 praeparatione
1076 1511 1118 1568 ad
1153 1532 1278 1571 menum

62 1644 66 1657 Ι
115 1586 319 1712 οταιηῖιωῐοπι
338 1586 620 1660 etiamepostatisip·
677 1600 685 1637 .’
765 1581 892 1636 Domini
1091 1612 1092 1616 κ
1249 1656 1252 1660 Ι
1281 1590 1328 1652 910.

113 1658 154 1712 sis
174 1658 205 1711 in·
222 1663 325 1715 serere
591 1702 594 1715 ,
628 1663 691 1725 368.
764 1654 800 1710 de
822 1653 1027 1728 spiritualibus
1048 1657 1282 1733 anirnarumme·¹
1321 1722 1324 1727 ,

79 1730 219 1788 Ordinem
244 1749 371 1797 sacrum,
396 1747 457 1787 esse
476 1749 492 1786 e
511 1741 619 1804 septem
755 1728 829 1784 dieis
1280 1735 1330 1797 278.

114 1805 302 1859 sacramentis
330 1822 420 1858 unum
626 1809 688 1867 367.
762 1801 798 1855 dc
830 1799 1027 1874 consessionis
1059 1805 1271 1859 sacramentalis

84 1875 227 1932 Ordinem
253 1879 397 1931 minorum
431 1893 532 1931 munus
551 1894 619 1948 pro·
762 1872 862 1938 laude,
883 1874 1057 1930 necessitate
1076 1887 1106 1931 et
1116 1879 1240 1932 utilitate
1275 1883 1333 1938 280.

115 1948 213 2016 prium
232 1949 311 2017 quod
330 1958 379 2001 aut
397 1948 482 2016 quale
627 1958 690 2011 387,
763 1947 800 2000 de
817 1946 953 2019 proemio
964 1948 1152 2019 projectitia,
1170 1961 1266 2005 estor-

79 2016 204 2072 Ordincs
224 2019 397 2072 clericorum
426 2019 618 2090 temporelg.
763 2031 898 2091 turapro
917 2031 1041 2092 peccatis
1267 2025 1338 2078 550.-

113 2089 201 2156 natii,
221 2088 271 2160 qui
290 2098 339 2143 aut
358 2086 456 2160 quales
625 2098 690 2153 690.
763 2090 799 2144 de
820 2092 961 2163 singulari
967 2109 1023 2162 per
1042 2089 1185 2142 diabolum
1202 2091 1252 2141 im-

82 2161 206 2218 Ordines
226 2162 275 2234 qui
295 2179 347 2214 cur
366 2157 510 2214 Ecclesiae
531 2161 620 2224 (rum
763 2166 952 2237 pugnatione¹
970 2178 1064 2216 eorum
1085 2161 1135 2235 qui
1165 2177 1247 2232 prae·

112 2246 227 2307 pentura
250 2235 360 2289 invidie
378 2234 526 2296 haereses)
544 2252 620 2288 mor·
764 2248 829 2290 sunt
850 2237 926 2304 aliis,
943 2246 989 2291 eut
1001 2232 1132 2307 populum
1146 2231 1321 2298 docentlt‘lll·

112 2309 193 2366 meus
212 2308 329 2367 tenendi
349 2325 400 2364 seu
411 2305 556 2364 asserendi
613 2313 692 2378 14⁰3·
728 2308 864 2382 Origenis
880 2309 916 2365 de
938 2306 1183 2364 indissolubilitate
1200 2324 1259 2362 ma·

77 2381 202 2436 Ordines
221 2383 383 2446 Ecclesiae,
404 2381 510 2454 quibus
529 2381 624 2435 conti·
699 2401 701 2405 ·
752 2381 883 2438 trimonii
905 2381 1050 2436 sententia
1267 2383 1329 2445 5155.

112 2456 213 2508 nentia
232 2455 339 2527 indicta
358 2464 421 2517 est,
440 2455 490 2526 qui
540 2463 603 2519 875.
623 2458 688 2520 176.
764 2454 800 2509 de
819 2454 1008 2511 sacerdotum
1034 2451 1205 2510 continentia
1218 2461 1267 2507 aut

77 2526 313 2599 Ordinum,·qui
334 2538 494 2593 vocantur,
525 2528 606 2582 Mino
762 2529 889 2590 puritate
1275 2529 1335 2592 489.

113 2617 177 2654 rum
196 2601 314 2653 nemina
333 2617 407 2670 quae
623 2605 687 2660 567.
762 2599 798 2654 dc
821 2600 1020 2673 possibilitate
1038 2597 1198 2656 servandac
1216 2614 1270 2652 eas·

76 2671 218 2729 Ordinem
239 2688 386 2733 sacrorum
401 2681 577 2726 sacramenta
589 2680 618 2727 st
760 2673 850 2728 titatis
1281 2675 1332 2736 195.

112 2745 236 2798 ‘virtutes
623 2751 686 2806 866.
725 2741 861 2818 'Origenis
879 2744 1006 2800 consilio
1028 2743 1162 2818 petenda
1182 2743 1276 2818 qnisit

77 2816 219 2874 Ordinem
244 2818 320 2870 inter
353 2815 475 2870 clericos
508 2825 617 2886 septem
760 2820 874 2872 castitas
1199 2826 1263 2884 495.
1279 2819 1326 2882 llll

109 2890 265 2960 assignatio
283 2904 357 2962 quae
376 2888 468 2958 qualis
541 2894 604 2953 391.
623 2898 686 2954 595.
726 2892 874 2964 Originale
894 2891 1198 2962 etactualiapeeeata
1217 2909 1275 2946 om·
1344 2923 1347 2937 ι

76 2961 236 3019 Ordinibus
257 2981 308 3018 seu
327 2959 560 3015 ordinationibus
575 2978 616 3014 sa·
758 2966 806 3018 nia
824 2963 979 3036 ¹baptismo
1000 2963 1067 3018 tolli
1237 2967 1325 3028 6165.

109 3034 167 3087 eris
187 3035 265 3107 digni
285 3045 334 3090 aut
345 3033 455 3106 indigni
466 3033 515 3106 qui
538 3040 601 3099 591.
622 3044 686 3099 595.
724 3037 883 3111 Originalis
911 3037 940 3090 in
966 3034 1133 3092 infantibus
1160 3037 1274 3110 peceati

73 3107 308 3165 Ordinaadorum
327 3124 460 3173 examen,
480 3116 566 3170 aetas,
588 3116 616 3161 et
714 3146 720 3163 .
758 3111 880 3165 assertio
976 3133 981 3138 ·

109 3181 231 3251 qualitas
541 3189 604 3239 585.
624 3187 686 3240 586.
722 3183 866 3255 Originali
888 3190 1011 3254 peccato
1031 3180 1186 3248 remissio,
1222 3199 1274 3237 eur

50 3251 246 3311 ,Ordinarius
266 3252 500 3306 confirmationis
524 3271 617 3307 sacra·
756 3257 863 3311 multae
890 3254 1072 3310 infirmitates
1095 3256 1193 3311 adhue
1216 3272 1274 3309 ms·

105 3328 238 3380 mentalis
256 3325 470 3396 ministerquis
642 3332 685 3384 85.
755 3340 843 3384 neant
1213 3373 1218 3377 .
1236 3335 1280 3387 67,
1295 3329 1328 3384 68.

70 3399 209 3525 Or‘eilinata
229 3398 369 3471 graduum
378 3397 614 3472 distinetio‚quid
726 3401 844 3456 Ostiarii
854 3399 1001 3458 ordinatio
1013 3399 1066 3472 qui
1082 3416 1138 3456 seu
1153 3401 1190 3457 ed
1203 3399 1273 3477 qnid

131 3473 170 3526 esi
193 3484 241 3527 net
618 3477 682 3539 665·
758 3475 809 3540 fiat
899 3531 903 3538 ,
1276 3478 1327 3533 589·

69 3491 203 3601 Ordinagti
229 3554 259 3602 et
290 3542 429 3617 baptizati
464 3542 612 3615 quemodo
724 3542 843 3603 Ostiarii
868 3562 942 3619 quos
957 3538 1165 3602 habuerintin
1178 3543 1267 3604 veteri
1336 3588 1337 3595 ,

105 3631 154 3676 snt
172 3636 227 3693 qua
249 3618 279 3671 in
298 3634 331 3673 re
350 3632 435 3688 parea
618 3623 681 3683 661.
758 3625 928 3689 testamento
946 3627 1032 3690 typos
1135 3641 1137 3645 ⁷
1269 3619 1325 3678 595.

68 3691 290 3748 ordinationem
308 3707 438 3754 sacram,
464 3707 525 3743 esse
544 3708 612 3763 pro·
723 3694 842 3751 Ostiarii
870 3689 947 3747 unde
977 3687 1065 3754 dicti,
1097 3701 1132 3746 et
1160 3691 1260 3766 quihus

102 3768 168 3837 prie
190 3777 218 3821 et
239 3782 309 3820 vere
324 3773 550 3843 sacramentum!
619 3768 683 3822 368.
725 3830 726 3835 Ἰ
757 3766 821 3827 aliis
844 3763 987 3838 gaudeant
1010 3762 1185 3821 nominibus
1267 3759 1322 3822 599.

67 3833 614 3909 Ordinatihodieapotestasesaeculari
647 3882 661 3895 .
723 3839 894 3895 Ostiariatus
912 3837 988 3890 inter
1004 3849 1118 3908 septem
1143 3837 1264 3900 ordines,

113 3913 293 3976 sacerdotes,
308 3910 496 3986 qualescxisti
515 3907 612 3962 mandi
624 3913 686 3968 867.
759 3911 904 3985 quomodo
915 3909 1070 3981 etprimus‚
1088 3922 1121 3965 et
1132 3913 1250 3967 ultimus
1273 3910 1325 3969 895·

66 3979 219 4039 Ordinatis
238 3985 268 4036 in
288 3986 378 4055 ipsis,
400 3987 486 4038 etiam
503 3982 526 4036 si
541 4000 608 4054 apo·
722 3987 799 4040 Oves
822 3982 877 4058 qui
896 4001 960 4038 suas
981 3983 1111 4037 Christus
1131 3989 1244 4040 nutriat'
1276 3985 1326 4037 101.

103 4063 228 4116 statent,
260 4057 371 4111 ordinis
401 4067 621 4115 sacramentum,
723 4061 786 4112 Oea
797 4059 862 4131 quis
874 4075 926 4110 cur
940 4074 956 4110 a
971 4057 1097 4111 Domino
1116 4072 1272 4130 percussus
1289 4061 1326 4114 19·

101 4143 220 4181 manere
313 4130 315 4135 ’
622 4129 685 4192 561.
723 4132 811 4188 Oaiae
840 4131 917 4203 regis
944 4130 1092 4187 temeritas
1123 4150 1201 4207 quas
1218 4129 1266 4205 qui

66 4199 217 4260 Orientem
237 4213 337 4255 versus
355 4203 508 4258 conversio
640 4205 683 4270 50.
759 4221 868 4278 poenas
887 4200 1004 4258 dederit
1092 4256 1108 4275 Ι,
1229 4206 1327 4269 1910.
