2782 4786
458 341 905 410 oan1n1snu„
1067 348 1149 422 240„

82 534 127 596 ab
147 530 312 596 affectibus
344 529 487 614 exempti,
518 531 566 591 sin
593 528 637 590 illi
661 528 701 591 ad
733 526 939 612 principatum
963 529 1147 612 istumper.

72 622 174 681 ducti
191 630 272 679 sunt.
315 615 355 675 Et
371 614 465 698 paulo
476 627 569 697 post:
605 615 726 674 Insania
744 613 822 672 euim
842 615 1064 690 manifestariaq
1089 614 1147 675 de·

80 704 206 787 spicere
233 711 349 762 tantum
375 701 465 759 istum
483 699 709 781 principatum,
733 699 799 756 sine
824 716 886 777 qno
905 719 1010 778 neque.
1028 698 1143 774 salutis,

40 781 42 785 ’
80 782 188 868 ireque
209 786 425 869 promissorum
441 781 595 842 bonorum
614 791 771 864 compotes
786 777 854 838 fieri
867 783 1026 862 possimus.
1068 783 1143 843 Nam
1242 850 1245 855 ,

83 873 114 931 si
140 868 202 930 no'n
231 864 432 952 potest-quis
466 869 498 925 in
522 886 652 947 regnum
665 865 820 925 caelorum
835 865 976 947 ingredi,
1007 867 1312 967 nisiperfffflssgate·¹

80 975 196 1035 aquam
232 965 262 1012 et
281 953 424 1035 spiritum
442 958 634 1032 regeneratus
658 950 766 1025 fuerit,
799 949 906 1029 etqui
929 969 992 1008 non
1012 950 1143 1008 mandas
1167 931 1219 960 Μ
1251 923 1315 970 ”⁵⁴⁰

76 1044 133 1098 icat
163 1056 278 1097 carnem
302 1036 437 1095 Domini
466 1036 692 1118 etsanguinem
720 1035 786 1114 ejus
811 1053 876 1092 non
894 1030 992 1108 bibit,
1020 1045 1157 1095 aeterna.

74 1122 144 1195 ¹vita
161 1122 318 1201 privatur:
344 1119 445 1178 omnia
469 1129 569 1178 autem
593 1119 669 1178 haec
689 1117 772 1178 band
793 1116 882 1177 aliter
899 1137 991 1197 qnam
1003 1150 1005 1155 ·
1017 1138 1074 1199 per
1092 1137 1141 1179 sa-

76 1216 252 1281 crosanctas
271 1203 335 1262 illas
352 1221 457 1260 manus
482 1201 706 1283 perficiuntur,
727 1221 862 1276 manus,
886 1202 1019 1280 inquam,
1039 1221 1143 1263 saeer-

76 1287 208 1349 dotum:
232 1288 287 1368 qui
299 1283 381 1361 «fiet,
400 1294 441 1344 nt
460 1287 534 1346 citra
554 1287 674 1346 illarum
689 1296 851 1369 opemaut
867 1284 1021 1367 gehennae
1044 1286 1143 1367 ignem

72 1373 193 1433 ‚evitare
228 1372 298 1451 quis
316 1369 433 1451 possit,
461 1381 514 1430 aut
535 1375 685 1453 repositae
702 1368 842 1430 incaelo
860 1389 991 1429 coronae
1008 1370 1142 1451 praemia

76 1455 220 1534 assequi?
262 1454 301 1513 Hi
324 1453 503 1528 enimsunt,
525 1453 558 1514 hi
579 1467 666 1529 sunt,
686 1457 828 1536 inquam,
856 1451 967 1533 quibus
986 1465 1052 1513 tum
1066 1443 1285 1512 con-¹¹⁰m·⁶’4·

71 1538 215 1602 creditae
238 1547 310 1596 sunt
331 1536 502 1617 spirituales
516 1542 744 1620 parturigines,
766 1549 830 1597 tum
848 1539 937 1595 etiam
950 1535 1139 1618 baptismatis

74 1634 187 1706 partus
210 1621 310 1679 aDeo
329 1631 374 1679 est
393 1624 584 1681 commissus:
610 1643 666 1704 per
687 1621 745 1682 bos
763 1624 844 1703 ipsos
865 1620 1019 1679 Christum
1036 1621 1139 1685 indui-

75 1724 163 1778 mus,
196 1724 256 1762 una
282 1724 349 1762 enm
375 1705 433 1764 Dei
467 1703 533 1765 filio
561 1705 741 1788 sepelimur,
783 1706 888 1765 beatae
927 1704 1137 1763 carnisillius
1162 1703 1300 1749 Stsser‘fflfl

77 1786 216 1848 membra
238 1778 401 1847 efficimur:
429 1810 490 1869 quo
507 1790 815 1849 nomine‘saeerdotes
833 1789 940 1846 merito
965 1808 1028 1848 non
1041 1754 1312 1853 modoiiiiii.<iiiiiij

77 1871 151 1954 plus
171 1871 271 1929 vereri
290 1871 433 1931 debemus
444 1918 453 1947 ,
474 1895 564 1954 quam
586 1874 633 1932 vel
657 1875 828 1955 principes,
845 1871 893 1930 uel
906 1871 1012 1953 reges,
1033 1854 1313 1958 'verumffiir'ssfiiiif‘u‘

75 1955 167 2012 etiam
183 1955 294 2034 majori
311 1948 433 2015 bonore
452 1978 541 2037 quam
561 1970 701 2038 parentes
720 1957 865 2039 proprios
883 1954 1050 2031 honestare.
1094 1957 1134 2014 Hi

73 2037 155 2096 enim
172 2057 206 2094 ex
226 2038 423 2120 sanguinibus
447 2052 476 2126 et
492 2039 647 2099 voluntate
663 2041 761 2109 carnis
778 2058 834 2098 nos
861 2048 1051 2122 genuerunt?
1086 2039 1134 2111 illi

71 2140 147 2178 vero
166 2130 305 2179 auctores
323 2120 411 2201 npbis
435 2126 505 2182 subt
517 2125 688 2193 ,nativitatis
708 2123 796 2204 ejus,
829 2144 918 2203 quam
952 2124 1054 2182 aDeo
1075 2120 1134 2182 ba-

71 2201 197 2279 bemus,
218 2201 336 2264 'beatae
359 2207 590 2287 regenerationis
613 2207 716 2282 illins,
742 2205 893 2265 libertatis
909 2226 1019 2276 verae,
1042 2215 1134 2285 atque
1157 2225 1162 2233 ·

74 2286 152 2346 adeo
174 2286 344 2370 adoptionis
372 2291 454 2369 ejus,
494 2311 554 2371 qna
581 2310 639 2348 nos
652 2310 709 2371 per
727 2291 853 2370 gratiam
875 2286 930 2345 filii
949 2289 1007 2346 Der
1027 2306 1131 2359 sumus

76 2368 182 2428 effecti.
223 2371 369 2454 Corporis
388 2373 503 2454 lepram
518 2393 668 2454 purgare,
706 2392 762 2430 seu
777 2372 878 2428 verius
903 2369 999 2427 dicam
1011 2413 1020 2444 ,
1049 2369 1133 2429 hand

72 2468 207 2596 purgare
235 2457 373 2537 quidem,
407 2456 460 2515 sed
478 2467 623 2537 purgatos
646 2453 807 2535 probare,
820 2451 1005 2511 ludaeorum
1032 2462 1134 2511 sacer-

72 2539 139 2596 doti
162 2558 197 2596 us
224 2540 295 2600 solis
319 2538 445 2619 licebat:
467 2557 567 2618 neque
591 2538 703 2612 nescis,
732 2545 845 2615 quanta
871 2554 939 2593 cum
959 2534 1132 2612 ambitione,

71 2632 187 2701 quanto
205 2642 274 2682 enm
296 2621 399 2681 studio
419 2642 455 2680 ac
481 2622 708 2680 concertatione
725 2618 921 2679 sacerdotalis
937 2619 1065 2703 dignitas
1099 2620 1133 2679 id

68 2705 218 2786 temporis
250 2706 469 2785 acquireretur.
520 2703 562 2763 At
588 2725 659 2763 vero
693 2705 807 2764 nostris
832 2704 1041 2763 sacerdotibus
1069 2724 1132 2764 non

54 2790 214 2870 ‘corporis
240 2788 372 2870 lepram,
398 2807 501 2846 verum
524 2789 638 2848 animae
662 2789 789 2864 sordes,
813 2808 876 2847 non
900 2786 969 2848 dico
987 2801 1130 2871 purgatas

69 2871 225 2956 probare,
248 2872 301 2929 sed
319 2891 451 2954 purgare
467 2892 592 2954 prorsus
610 2893 784 2933 concessum
806 2884 866 2932 est:
900 2892 993 2953 quare
1011 2873 1131 2952 judicio

70 2954 198 3037 quidem
225 2975 311 3029 meo,
345 2957 397 3037 qui
428 2958 501 3016 istos
542 2956 714 3039 despiciunt
741 2952 1008 3037 contemnuntque,
1032 2958 1129 3016 marito
1193 3015 1196 3020 ,
1228 3030 1230 3035 ,

69 3037 279 3107 sceleratiores
303 3060 337 3099 ac
359 3042 467 3119 majori
488 3041 639 3125 supplicio
661 3043 743 3124 digni
765 3042 901 3114 fuerint,
929 3061 1017 3119 qnam
1037 3041 1131 3099 fuerit
1260 3032 1262 3043 ’

68 3119 194 3181 Dathan
217 3143 275 3182 una
292 3145 360 3184 cum
376 3127 435 3184 suis
448 3127 595 3185 omnibus.
640 3127 681 3185 Et
698 3127 802 3208 paucis
819 3126 1002 3202 interjectis:
1017 3122 1129 3204 ,Neque

68 3207 103 3265 in
119 3206 272 3286 puniendo
292 3209 405 3284 solum,
431 3209 484 3268 sed
506 3214 538 3270 'et
556 3213 588 3269 in
609 3209 686 3270 bene
708 3207 853 3269 merendo
883 3209 1030 3286 majorem
1047 3207 1129 3266 Deus
1229 3226 1234 3238 ·
1260 3226 1264 3239 ¹
1297 3224 1301 3231 '

66 3292 252 3374 potestatem
273 3293 484 3353 sacerdotibus
512 3293 637 3376 largitus
662 3305 722 3371 est,
748 3313 838 3373 quam
854 3290 1042 3351 naturalibus
1056 3298 1130 3351 no's-

66 3374 130 3457 tris
145 3375 338 3454 parentibus:
364 3398 441 3458 quos
470 3379 550 3437 inter
571 3390 721 3459 utrosque
745 3386 862 3436 tantum
883 3388 929 3435 est
945 3397 1018 3435 sane
1034 3378 1129 3435 inter·

66 3454 185 3536 jectum
207 3460 415 3539 intervallum,
446 3475 593 3542 qnantum
617 3465 708 3523 vitam
727 3463 807 3520 inter
824 3474 1009 3542 praesentem
1032 3472 1062 3519 et
1077 3480 1128 3519 ae·

66 3551 193 3599 termam.
248 3542 405 3606 Parentes·
427 3548 504 3606 enim
530 3569 586 3607 nos
616 3550 647 3607 in
669 3557 871 3630 praesentem,
897 3545 1070 3604 sacerdotes
1094 3545 1128 3602 in'
1277 3582 1281 3591 ·

67 3625 159 3682 ritum
183 3638 332 3686 aeternam
367 3640 509 3712 generant
525 3642 583 3690 etc.
946 3666 948 3674 =
1069 3706 1072 3711 .
1224 3628 1227 3635 ’

79 3714 113 3745 ‘²¹
148 3722 179 3774 2.
220 3712 328 3771 IDEM
354 3715 385 3771 in
404 3712 485 3772 bom.
512 3726 540 3780 4.
572 3715 611 3773 de
638 3714 738 3774 verbis
764 3713 890 3773 Esaiae:
920 3711 994 3772 Vidi
1016 3707 1285 3799 Domiboefflffb‘gglfli‘*

65 3793 249 3853 atumz'Alii
278 3807 349 3854 sunt
369 3799 488 3856 termini
512 3801 612 3878 regni,
640 3798 690 3857 alii
716 3799 834 3857 termini
855 3797 1031 3867 sacerdotii:
1059 3772 1206 3854 Ho'cniiate
1220 3773 1284 3860 prii]

46 3882 194 3957 'rugitum
215 3877 265 3938 illo
285 3881 384 3961 majus
399 3892 453 3942 est.
496 3882 602 3962 Neque
624 3885 701 3940 enim
725 3902 759 3941 ex
779 3880 841 3956 bis,
878 3900 955 3960 quae
973 3863 1206 3956 videntum-'²³⁰¹'

45 3953 119 4017 ·bic
153 3959 325 4024 declaratur
352 3968 424 4041 rex,
442 3986 542 4046 neque
584 3966 737 4048 egemmis
766 3965 810 4024 illi
827 3962 943 4038 affixis,
968 3983 1067 4043 neque
1090 3984 1124 4023 ex
1189 4007 1191 4011 .

64 4061 163 4115 auro,
197 4064 259 4125 quo
284 4055 409 4111 amictus
440 4062 498 4126 est,
537 4049 628 4110 debet
656 4049 806 4109 aestimari
824 4068 884 4106 rex.
928 4047 982 4106 Ille
1000 4047 1123 4128 quidem

64 4144 124 4219 ea,
148 4134 316 4211 quaesunt
342 4135 375 4191 in
396 4137 504 4210 terris,
524 4136 648 4194 sortitus
671 4144 736 4193 erat
750 4130 999 4193 administranda:
1024 4144 1125 4193 caete·

62 4216 134 4270 ru'm
160 4211 323 4277 sacerdotii
343 4217 431 4299 jusc
453 4220 596 4304 supernis
610 4217 785 4308 desceqditt
819 4212 1030 4300 Qutecunque
1046 4215 1201 4302 liga-¹⁸⁸⁸·
1214 4211 1293 4266 Μ’

1248 2008 1254 2041 l
