2790 4792
393 291 837 399 narar'ito‘nrr.
1030 302 1144 407 &aab

84 510 182 591 Quod
202 516 230 576 si
251 515 335 579 forte
354 512 492 591 fecerint,
518 521 553 569 ut
571 507 722 592 sacrilegii
744 510 788 568 rei
799 553 808 587 ‚
828 509 865 575 ab
877 590 880 595 1
894 508 1032 599 Ecclesia
1055 499 1327 595 rabanonem

81 614 175 660 antur
194 600 333 659 extranei.
376 597 498 674 Quibus
533 605 632 655 autem
661 592 803 653 voluntas
824 596 959 677 propria¹
976 602 1152 681 interroga-
1303 598 1307 605 ’

77 686 175 742 tionis
198 695 335 765 tempore
353 680 533 743 desiderium
552 675 693 735 nubendi
709 680 911 758 persuaserit,
923 694 1094 740 concessam
1111 681 1150 758 ab

78 767 234 847 Apostolo
254 763 399 827 licentiam
421 768 540 829 auterre
565 772 629 818 non
649 780 831 843 possumus:
854 763 897 820 ita
919 775 955 822 ut
987 784 1053 823 cum
1075 770 1302 849 pro-..osane-
1361 792 1363 797 ·

79 862 187 910 vectae
205 854 306 910 aetatis
329 853 359 910 in
384 847 529 928 conjugio
553 847 646 928 positi
668 846 902 929 renunciaturos
923 865 953 931 se
982 851 1049 931 pari
1075 871 1150 910 con-

80 953 171 994 sensu
194 936 336 1020 operibus
357 934 456 994 carnis
480 929 720 1011 spoponderint,
750 928 789 988 ad
811 943 914 989 sacros
946 932 1069 991 ordines
1093 934 1150 992 ad·¹

83 1018 204 1099 spirent.
551 1092 554 1097 ,
670 1028 691 1079 .““
981 1046 983 1055 ⁴

164 1099 391 1161 CONCILIUM
410 1094 589 1156 Arelatense
614 1095 693 1156 111..
734 1093 856 1156 Assumi
878 1093 1011 1181 aliquem
1032 1097 1071 1157 ad
1100 1117 1319 1189 sanatum,

81 1181 249 1245 cerdotium
271 1186 316 1240 in'
330 1180 468 1263 conjugii
492 1179 616 1240 uinculo
640 1174 838 1241 constitutum
859 1201 921 1240 non
936 1192 1069 1263 oportet,
1091 1184 1148 1241 nisi
1161 1194 1255 1234 secundi
1272 1175 1327 1235 trel

75 1267 169 1329 fuerit
195 1268 345 1350 promissa
371 1266 538 1324 conversio.
588 1262 633 1322 Ex
656 1258 762 1323 eodem
789 1266 881 1324 tertio
905 1264 985 1323 citat·
1006 1270 1036 1322 et
1064 1241 1328 1345 buncb'diiifiactinffi
1361 1263 1365 1270 ”

74 1366 233 1413 canonem:
283 1348 446 1409 Praeterea
468 1349 604 1433 placuit,
635 1359 671 1416 ut
690 1332 843 1429 ¹deinceps
875 1356 938 1439 no'u
966 1344 1148 1408 ordinentur
1159 1350 1326 1431 ssssssdffim‘g,

73 1434 195 1494 diaconi
220 1434 386 1514 conjugati,
410 1434 468 1491 nist
492 1435 546 1517 qui
564 1434 651 1518 prius
665 1432 870 1493 conversionis
884 1430 1050 1517 proposito
1072 1437 1327 1525 p1·0.piertoti13m=a-

725 1518 728 1523 .
746 1536 749 1543 Ι
1015 1519 1017 1523 ,
1188 1496 1304 1536 promissa

75 1518 145 1577 fessi
172 1517 287 1576 suerint
308 1518 481 1576 castitatem.

161 1611 211 1667 10.
256 1593 371 1659 APUD
387 1600 516 1659 eundem
535 1601 717 1659 Gratianum
738 1597 935 1661 distinctione
962 1598 1147 1682 octogesima
1158 1581 1318 1682 ἕξοθξξζξῗῇῗ·

74 1683 219 1757 secunda,
240 1685 353 1744 citattrr
375 1684 502 1743 Siricius
524 1682 629 1766 Papa:
672 1681 825 1743 Plurimos
860 1683 1035 1743 sacerdotes
1056 1680 1147 1743 Chri·
1158 1681 1236 1720 5511015
1254 1681 1329 1738 Perse

73 1768 115 1826 sti
139 1777 230 1846 atque
259 1768 377 1827 Levitas
400 1779 473 1851 post
509 1766 599 1851 longa
627 1769 865 1849 consecrationis
896 1788 968 1827 suae
995 1729 1328 1851 temp0„‚tl.l¹;d¹.2”.¹tf¹¹

73 1862 139 1908 tam
164 1849 202 1908 de
225 1852 412 1933 conjugibus
431 1855 574 1935 propriis,
599 1860 690 1935 quam
713 1853 802 1911 'etiam
818 1851 857 1910 de
879 1854 965 1934 turpi
987 1854 1077 1911 coitu
1093 1870 1146 1911 so·
1159 1839 1312 1935 {aiwatu-

70 1931 178 1992 belem
200 1933 360 1994 didicimus
382 1956 568 2017 procreasse,
593 1936 751 1996 et'crimen
771 1956 859 1994 suum
892 1934 951 1994 bac
995 1928 1328 2018 1·aescrip-,.‡'{3¹,f,¹¹,{³,¹,ffiss¹‡,g

75 2017 158 2074 tione
185 2017 359 2095 defendere,
390 2023 460 2100 quia
489 2021 519 2078 in
548 2021 643 2080 veteri
673 2016 849 2078 testamento
879 1956 1092 2078 sacerdotibus
1112 2021 1324 2112 acgwgrdfflsst‘?

72 2100 216 2160 ministris
250 2102 412 2183 generandi
440 2102 570 2161 facultas
596 2103 707 2185 legitur
734 2103 892 2170 attributa.
949 2084 1310 2180 Dicat‘mibisidoliilulai

72 2202 163 2253 nunc,
186 2185 323 2266 quisquis
344 2184 397 2243 ille
424 2186 468 2244 est
487 2197 618 2253 sectator
641 2185 812 2262 libidinum,
833 2198 1081 2267 praeceptorque
1099 2171 1325 2243 ,proten-regu.

75 2269 198 2342 tiorum,
220 2271 246 2326 si
266 2267 411 2343 aestimat,
425 2269 522 2350 ·qnod
540 2272 573 2329 in
596 2267 662 2350 lege
684 2270 786 2341 Moysi
805 2270 918 2348 passim
942 2264 1036 2326 sacris
1061 2264 1149 2326 ordi-

74 2348 164 2409 nihus
188 2371 205 2410 a
226 2352 361 2412 Domino
383 2351 480 2411 laxata
499 2364 572 2412 sunt
595 2352 698 2408 fraena
718 2351 874 2408 luxuriae:
898 2369 954 2407 cnr
977 2371 1040 2425 eos,
1073 2351 1147 2430 qni-

72 2432 132 2492 bus
156 2437 428 2497 committebantur
460 2446 565 2493 sancta
586 2444 782 2502 sauctorum,
803 2441 1001 2512 praemonet,
1025 2432 1146 2492 dicens:
1218 2502 1220 2507 Ι

75 2516 179 2577 Sancti
203 2533 314 2594 estote,
336 2519 409 2596 quia
427 2526 462 2573 'et
485 2534 541 2597 ego
563 2528 684 2573 sanctus
706 2533 782 2588 sum,
804 2514 953 2574 Dominus
984 2516 1069 2574 Deus
1089 2535 1145 2575 ve-

72 2602 157 2661 ster?
201 2603 264 2661 Cur
283 2603 372 2658 etiam
394 2597 505 2680 procul
537 2618 555 2656 a
588 2599 650 2657 suis
681 2597 848 2675 domibus,
868 2618 947 2658 anno
966 2600 1045 2658 vicis
1063 2614 1144 2677 suae,

71 2686 106 2744 iu
127 2683 241 2763 templo
262 2682 401 2742 habitare
428 2682 503 2761 jussi
524 2693 595 2740 sunt
614 2678 809 2743 sacerdotes?
851 2684 916 2743 Hac
935 2681 1079 2743 videlicet
1094 2682 1321 2780 ra-fflstffgvfftv

71 2770 168 2839 tione,
191 2784 230 2824 ne
254 2765 303 2825 uel
328 2784 398 2824 cum
417 2765 567 2825 uxoribus
596 2767 867 2849 possentcarnale
896 2786 1034 2827 exemere
1057 2788 1144 2827 com·
1198 2760 1209 2790 ·'
1231 2758 1239 2780 '
1263 2763 1299 2781 '⁹

71 2851 240 2922 mercium,
270 2859 306 2909 ut
327 2851 531 2910 conscientiae
557 2851 730 2934 integtitate
755 2853 907 2936 fulgentes
916 2879 933 2927 ,·
955 2851 1144 2932 acceptabile

72 2934 142 2993 Deo
163 2952 273 2992 munus
301 2932 459 2994 offerrent.
500 2934 624 3011 Quibus
656 2938 758 3012 etiam,
771 2958 775 2969 ·
789 2935 908 3021 expleto
935 2935 1142 2996 deservitionis
1154 2936 1201 3026 ,fg
1199 2950 1299 3027 effi·

72 3036 145 3076 suae
163 3024 309 3098 tempore,
327 3022 450 3078 uxot-ius
476 3038 550 3082 usus
573 3018 667 3080 solius
697 3022 895 3079 successionis
926 3041 1015 3079 causa
1043 3020 1144 3080 fuerat
1269 3015 1275 3028 '

72 3098 238 3158 relaxatus:
261 3103 414 3183 quianon
434 3124 470 3167 ex
493 3105 549 3164 alia
571 3105 632 3166 nisi
656 3124 692 3163 ex
713 3103 801 3163 trihu
824 3106 909 3167 Levi·
925 3114 1085 3185 quisquam
1104 3105 1145 3165 ad

71 3182 134 3243 Dei
163 3185 360 3246 ministerium
378 3186 482 3248 tuerat
500 3198 681 3271 praeceptus
701 3189 831 3248 admitti.
872 3187 962 3247 Un'd'e
983 3198 1013 3247 et
1032 3188 1143 3247 Domi·

70 3286 129 3326 nus
158 3268 254 3344 lesus,
281 3290 349 3330 cum
374 3290 433 3337 nos
451 3292 507 3331 suo
535 3273 714 3334 illustrasset
741 3272 897 3348 adventu,
926 3273 958 3330 in
976 3274 1141 3357 'evangelio
1155 3258 1306 3355 ww

68 3362 274 3435 protestatur,
297 3357 366 3435 qnia
397 3353 493 3438 legem
517 3359 633 3416 venerit
662 3355 806 3439 implere,
834 3376 898 3416 nun
928 3356 1056 3417 solvere.
1101 3358 1143 3416 Et
1154 3357 1260 3397 ⁰¹³1⁵t¹¹³
1283 3372 1322 3398 νο·

70 3436 143 3495 ideo
167 3436 329 3515 ecclesiam,
353 3441 441 3519 eujus
464 3462 592 3522 sponsus
614 3453 660 3500 est
680 3443 835 3521 speciosus
868 3442 976 3516 forma,
996 3406 1323 3502 castitatis{blitildis

70 3521 171 3591 voluit
195 3520 359 3602 splendore
380 3523 509 3600 radiare,
529 3536 566 3584 nt
586 3531 618 3584 in
641 3525 689 3599 die
710 3525 838 3604 judicii,
861 3546 930 3584 cnm
950 3545 1056 3585 rursus
1074 3508 1299 3592 semidii&

70 3606 197 3681 venerit,
219 3606 283 3664 sine
309 3607 476 3667 maculant
499 3630 574 3691 ruga
599 3628 663 3668 eam
682 3612 787 3692 possit,
811 3612 890 3668 sicut
917 3630 973 3691 per
1000 3609 1137 3690 Aposto·
1153 3602 1309 3642 ⁰⁰¹¹‘³¹¹⁰¹'“⁵·

69 3686 135 3746 lum
156 3708 244 3746 suum
264 3693 408 3765 instituit,
430 3696 576 3772 reperire.
618 3694 758 3767 Quarum
778 3695 934 3771 sanctione
964 3693 1136 3753 sacerdotes
1150 3699 1236 3750 upana,
1249 3704 1276 3773 ⁵».
1287 3708 1318 3745 27·

70 3790 175 3830 omnes
199 3784 291 3853 atque
308 3774 429 3832 Levitae
450 3774 606 3834 insolubili
633 3776 698 3858 lege
718 3779 963 3858 constringimur,
983 3788 1018 3836 ut
1040 3798 1056 3835 a
1089 3777 1138 3839 die

71 3855 274 3916 ordinationis
302 3870 433 3932 nostrae,
459 3857 617 3919 sobrietati
644 3875 679 3919 ac
705 3863 872 3942 pudicitiae
897 3872 927 3920 ct
960 3859 1055 3920 corda
1079 3880 1139 3920 no-

68 3949 132 3996 stra
153 3944 354 4022 mancipemus
377 3953 407 4000 et
428 3936 572 4023 corpora,
595 3945 760 4005 dummodo
784 3967 841 4027 per
863 3947 962 4004 omnia
974 3947 1040 4003 Deo
1065 3954 1140 4005 nos·

67 4032 119 4081 tro
136 4025 167 4080 in
189 4022 247 4099 his,
282 4046 360 4107 quae
380 4028 520 4107 quotidie
555 4027 729 4104 offerimus,
762 4028 921 4089 sacrificiis
955 4022 1137 4112 placeamus.

67 4107 133 4180 Qui
151 4118 252 4165 autem
277 4109 419 4170 incarne
441 4124 523 4186 sunt,
545 4111 664 4171 dicente
691 4114 848 4174 electionis
868 4134 945 4189 vase,
962 4114 1036 4195 *Deo
1066 4113 1136 4198 pla-

68 4210 141 4252 eere
163 4210 225 4250 non
246 4205 383 4273 possunt.
427 4189 615 4260 Veientem
636 4197 700 4279 jam
722 4217 782 4259 uon
807 4199 877 4259 estis
903 4200 1056 4277 incarne,
1081 4183 1313 4278 sedll⁰d¹irlaim

1159 1534 1309 1574 continentia.
