2790 4792
239 311 355 383 858*
476 305 557 369 DE
605 291 1076 374 SACRA'MEMO

241 487 326 562 ssevi,
351 483 405 549 sed
424 488 602 553 ministravi.
644 483 693 550 Ae
723 488 847 547 rursus:
886 479 971 546 Vere
994 498 1046 540 me
1061 478 1238 541 accusatis.
1282 478 1313 542 In

243 572 432 654 quibusdam
461 575 550 634 etiam
580 567 748 652 aliquando
769 569 885 630 aiebate
934 567 982 626 lta
1010 584 1084 625 sane
1096 607 1106 640 ,
1141 575 1175 623 et
1202 564 1311 647 quidem

244 656 284 718 ad
299 655 375 716 haec
393 659 470 740 quid
484 658 592 735 dicam,
616 676 679 715 non
703 650 816 731 habeo,
833 654 904 714 ideo
927 648 1145 710 misericordia
1167 668 1241 732 opus
1260 660 1310 709 est.

245 741 288 802 Et
309 754 375 801 erat
391 743 536 885 profecto
558 736 767 825 spectaculum
799 735 989 799 horrendum
1009 752 1047 794 ac
1067 729 1250 810 terrificum,
1266 735 1313 793 iu-

247 825 366 885 visibile
384 826 474 900 ilud,
493 828 758 904 saevissimamque
777 822 937 904 judicium,
957 821 988 877 in
1014 838 1079 898 qno
1106 818 1203 877 etiam
1229 816 1314 900 (quod
1341 826 1357 849 ·'

67 920 201 1010 optutus
227 909 416 1007 nterribilius
441 918 500 982 est)
515 923 545 971 et
565 910 651 992 quod
666 929 727 967 non
747 907 870 983 lecerat,
897 905 947 965 itti·
960 899 1160 982 objiciebant
1184 906 1248 983 (me
1265 903 1315 962 mi·

71 981 365 1077 quiiiiffisernm)
387 996 498 1077 quietis
528 1015 563 1054 ac
589 993 763 1054 solitudinis
790 991 944 1053 sectatori.
985 988 1035 1057 ,ln
1060 987 1221 1047 nonnullis
1251 1006 1315 1048 vero

73 1073 222 1151 ΜΨ*
272 1091 445 1139 eccatorum
469 1099 604 1154 suorum,
627 1077 705 1160 quid
728 1076 766 1136 ad
790 1098 825 1137 ea
855 1070 1039 1157 respondere
1057 1083 1184 1154 posset,
1209 1093 1242 1134 se
1261 1093 1317 1132 non

246 1100 364 1226 babere
387 1163 524 1240 dicebat,
555 1165 609 1245 qui
633 1164 696 1244 jam
723 1162 789 1221 lere
809 1158 1009 1244 qnadraginta
1038 1176 1137 1216 annos
1156 1155 1318 1218 monachus

246 1247 359 1324 suerat,
380 1261 412 1310 et
426 1248 628 1325 lacrymarum
644 1247 772 1330 gratiam
790 1244 951 1306 habuerat.
994 1241 1133 1317 Quidem
1152 1262 1228 1302 vero
1252 1240 1318 1301 mihi

246 1335 395 1397 veraciter
416 1330 756 1413 affirmaverunt-qnod
775 1329 838 1407 hic,
862 1329 936 1389 dnm
955 1339 1034 1389 esset
1060 1327 1093 1384 in
1109 1346 1237 1404 eremo,
1259 1326 1320 1386 leo·

246 1418 381 1502 pardum
401 1437 530 1500 quoque
552 1437 587 1477 ex
616 1436 708 1476 mauu
732 1434 787 1500 sua
812 1413 977 1474 nutriebat.
1020 1410 1080 1470 Hic
1109 1412 1177 1494 ipse
1216 1423 1320 1487 tamen,

247 1523 318 1565 cnm
334 1501 411 1562 adeo
432 1503 540 1563 infeste
562 1503 641 1562 ratio
662 1521 679 1560 a
697 1520 729 1560 se
746 1501 925 1584 exigeretur,
942 1516 1033 1558 carue
1058 1494 1184 1556 solutus
1208 1508 1262 1556 est
1355 1542 1357 1561 ,

331 1598 361 1665 d.
403 1585 600 1647 EUSEBIUS
621 1586 782 1649 Emisenus
809 1582 893 1645 hom.
916 1595 943 1650 1.
963 1581 1002 1642 ad
1022 1578 1217 1640 Monachus:
1260 1580 1319 1641 Pa..
1355 1594 1357 1627 ÷

247 1682 334 1737 ratos
357 1691 416 1730 nos
435 1672 570 1731 inveniat
589 1683 718 1731 exuema
739 1671 921 1744 necessitas,
945 1687 1025 1748 quae
1048 1684 1141 1748 saepe
1160 1671 1319 1748 ’praevenit
1355 1634 1357 1665 Ι

248 1757 426 1833 imparatos.
469 1756 590 1816 Certum
603 1755 691 1816 uobis
713 1757 851 1838 imponat
868 1752 1099 1813 solicitudinem
1119 1750 1237 1810 incerta
1249 1772 1322 1810 con·
1355 1752 1357 1763 '

250 1834 351 1903 ilitio:
375 1839 574 1921 quotidianus
593 1841 632 1899 sit
658 1839 743 1899 illius
766 1838 898 1922 periculi
920 1849 1039 1911 metus,
1073 1834 1164 1914 cujus
1188 1837 1321 1894 nescitur

248 1925 401 1983 incursus.
444 1922 545 1998 Quam
571 1922 658 1983 tarde
683 1924 794 1985 misera
810 1924 909 1982 anima
929 1919 1082 1981 malorum
1099 1938 1225 2002 suorum
1242 1939 1321 2000 poe·

246 2005 368 2075 nitebit,
389 2025 458 2063 cum
480 2005 530 2065 die
550 2005 660 2066 ultimo
687 2008 929 2091 superveniente,
952 2005 1088 2086 separari
1107 2022 1168 2064 sea
1184 2022 1317 2082 corpore

248 2106 306 2149 suo
326 2088 446 2168 viderit,
468 2109 537 2148 cum
552 2090 612 2149 sibi
635 2091 667 2148 in
694 2089 757 2150 fine
778 2089 931 2149 'claudenti
956 2088 1064 2149 oculos
1088 2088 1255 2169 nigrescere
1280 2093 1309 2142 ct

248 2169 632 2257 horresceresempiternn
653 2192 714 2234 nox
736 2177 891 2256 coeperit}
914 2195 982 2233 cum
1006 2175 1103 2253 jacere
1120 2179 1188 2228 ante
1208 2188 1240 2228 se
1258 2189 1312 2228 va-

249 2278 342 2322 cuum
364 2258 470 2319 salutis
497 2278 532 2318 ac
558 2257 635 2318 lucis
660 2258 809 2319 infelicem
833 2259 1072 2319 commilitonem
1099 2274 1184 2314 suum
1204 2253 1316 2313 uiderit

248 2342 437 2404 incentorem
454 2344 573 2426 pariter
596 2364 632 2404 ac
650 2342 853 2428 deceptorem,
879 2363 946 2401 cum
968 2364 1032 2424 quo
1050 2342 1090 2400 de
1108 2335 1201 2401 arena
1212 2337 1316 2397 mundi

248 2424 344 2507 hujus
365 2427 595 2513 per-flagitium
622 2448 711 2490 suum
735 2430 816 2489 ricta
840 2429 998 2488 discessit:
1027 2447 1100 2489 cnm
1122 2425 1261 2506 eoeperit
1276 2420 1319 2499 ,ab

71 2517 155 2581 saltn·
168 2521 228 2563 a¹¹0·
250 2510 359 2578 eodem
376 2515 441 2595 jam
459 2513 579 2574 divulsa
594 2515 735 2577 immanes
747 2524 779 2573 et
791 2514 893 2574 inanes
915 2512 989 2571 dare
1012 2530 1108 2594 snper
1126 2530 1193 2568 eum
1215 2507 1321 2591 plane-

73 2578 214 2672 annectens.
248 2609 308 2675 tus,
333 2608 363 2658 et
385 2598 503 2659 diceres
546 2598 607 2658 Ubi
640 2610 711 2658 sunt
735 2600 943 2659 animositates
967 2607 998 2655 ct
1027 2595 1214 2677 cupiditates
1242 2605 1318 2667 tuae,

249 2681 365 2763 quibus
382 2679 544 2762 hucusque
568 2681 761 2764 impatienter
779 2683 898 2758 arsisti,
922 2692 952 2741 et
978 2699 1087 2738 arsura
1117 2680 1236 2762 jugiter
1252 2697 1323 2737 con-

249 2765 400 2849 gregasti}
441 2764 524 2825 Ecce
538 2768 725 2826 transierunt
746 2766 798 2828 illa
813 2768 924 2828 omnia
947 2776 1094 2846 tanquam
1116 2763 1236 2835 umbra,
1258 2759 1320 2822 abi-

250 2859 342 2908 erunt
360 2846 592 2928 oblectamenta,
617 2861 648 2910 et
664 2849 730 2911 sola
761 2853 995 2934 inperpetuum
1019 2850 1198 2931 oppropria
1214 2858 1245 2906 et
1265 2845 1321 2905 cri·

249 2933 332 2996 mina
350 2944 569 2993 remanserunt.
615 2932 681 3003 Vae
703 2934 778 2995 mihi
805 2956 828 2996 o
850 2936 972 3010 anima,
1006 2933 1044 2993 ad
1073 2945 1137 2992 tam
1174 2930 1319 3016 perditum

249 3037 313 3093 vas,
336 3016 425 3078 velim
446 3016 554 3096 nolim,
572 3017 708 3078 reditura
732 3040 812 3096 sum,
836 3030 867 3078 et
890 3030 1021 3102 propter
1040 3018 1189 3101 fugitivas
1219 3015 1318 3096 volup

250 3113 328 3164 ntes
360 3122 526 3184 numquam
552 3099 732 3186 effugiendis
751 3125 822 3164 cum
842 3125 879 3164 eo
902 3101 1070 3187 vaporibus
1094 3098 1318 3163 concremanda.

253 3184 338 3274 Quid
361 3188 440 3247 inter
461 3186 548 3264 haec,
576 3208 646 3248 cum
665 3208 731 3248 eam
753 3189 894 3271 eoeperit
919 3189 959 3248 ad
972 3185 1131 3247 definitam
1150 3186 1318 3248 sententiam

75 3267 242 3363 ssffialfifflr
253 3282 285 3331 et
300 3271 447 3330 immobili
459 3271 524 3356 lege
544 3261 682 3350 defixam,
700 3274 896 3355 importunus
920 3273 1053 3354 depositi
1067 3283 1198 3333 exactor
1213 3271 1319 3331 abstra-

76 3368 242 3418 nnisncmnc
253 3353 338 3432 here,
356 3367 389 3417 et
409 3353 553 3416 hincinde
569 3355 717 3416 insultare
736 3366 774 3416 et
794 3358 933 3417 insistere
954 3355 1155 3416 infernalium
1178 3357 1262 3417 dirae
1280 3353 1320 3412 sa·

252 3440 314 3502 cies
328 3439 564 3500 ministrorum?¹
603 3440 689 3518 Quid
712 3441 779 3517 erit,
805 3461 875 3501 cum
897 3441 936 3501 ab
961 3441 1202 3524 apparitoribus
1227 3438 1317 3501 mortis

252 3544 309 3609 per
332 3522 417 3583 hune
436 3535 556 3584 castum
577 3530 676 3585 aerem
707 3524 856 3608 separari,
892 3536 923 3586 et
949 3546 1007 3609 per
1033 3533 1158 3586 semitas
1184 3524 1317 3587 tenebra·

252 3628 323 3670 rum
346 3606 456 3669 abduci
474 3614 573 3669 'trans
596 3609 677 3671 diem
708 3612 860 3694 coeperit,
889 3621 919 3671 et
940 3629 1137 3691 nequaquam
1169 3594 1320 3672 remeabile

251 3693 313 3755 iter
341 3712 431 3774 agere
461 3710 519 3776 per
565 3690 641 3754 fines
671 3693 761 3771 illos,
799 3692 856 3755 ubi
909 3696 975 3777 ipsa
1008 3692 1060 3752 lux
1099 3695 1234 3773 deficit,
1263 3710 1318 3753 cun

253 3779 422 3862 peregrina·
445 3776 563 3858 ubique
592 3780 707 3856 anima,
733 3780 898 3839 comitante
924 3777 1076 3839 malorum
1100 3799 1238 3840 suorum
1256 3772 1319 3839 atst-

251 3864 388 3945 agmine,
425 3861 537 3924 viderit
561 3880 593 3924 se
613 3884 670 3947 per
696 3873 840 3924 extremas
859 3863 967 3923 muudi
988 3882 1059 3922 oras
1097 3866 1131 3925 in
1163 3865 1246 3928 illud
1276 3862 1314 3919 ln·

212 3980 213 3983 =
252 3965 309 4004 ane
328 3963 505 4006 acvacnum
518 3947 627 4008 cadere
646 3947 684 4008 de
701 3948 826 4026 mundo,
849 3960 941 4029 atque
958 3945 1037 4008 illud
1056 3968 1208 4031 magnum
1230 3947 1319 4020 mast,

252 4026 339 4107 quod
356 4028 433 4089 ritae
446 4033 613 4114 mortisque
634 4033 789 4115 regionem
812 4033 980 4107 discernit,
1004 4033 1120 4092 intrare
1132 4056 1145 4109 ,¹
1174 4046 1208 4096 et
1230 4030 1323 4093 vitales

251 4131 340 4171 auras
366 4124 490 4175 naturae
524 4117 620 4201 ipsius
645 4115 714 4176 exul
744 4115 905 4176 amittere?
955 4115 1032 4176 Cum
1066 4116 1163 4178 rebus
1195 4114 1326 4180 humanit

192 4266 196 4272 ¹
249 4193 480 4258 venusinum
494 4195 608 4277 dicens,
631 4208 758 4263 mortem
777 4210 877 4261 antem
892 4208 962 4261 ante
985 4212 1017 4263 se
1030 4198 1162 4282 habens,
1189 4215 1221 4266 et
1241 4205 1323 4264 vitm
