2790 4792
229 323 308 407 aaa
470 307 551 405 ou
601 270 1072 411 sacnann'ruo

232 519 296 564 non
308 494 376 561 sola
389 494 572 557 conscientia
592 491 796 577 praeferatur,
808 491 864 557 sed
882 493 988 576 aliquo
1010 492 1102 571 etiam
1121 502 1198 552 actu
1212 489 1307 561 adani-

234 572 392 649 nistretu'r.
422 581 459 661 In
471 591 571 657 lactus,
586 581 638 661 qui
660 580 885 663 magisGraeco
907 576 1062 657 vocabulo,
1083 578 1305 659 exprimituret

238 656 695 750 frequentatur,exomologesis
713 674 767 741 est,
781 684 843 746 qua
864 663 1009 724 delictum
1017 661 1153 723 Domino
1174 673 1309 721 nostrum

240 750 433 826 confitemur,
443 756 507 809 non
519 747 641 829 quidem
656 759 691 808 ut
698 750 817 832 ignaro,
829 749 883 808 sed
895 745 1229 829 quatenussatisfaotio
1241 767 1309 805 con·

243 838 373 900 fesstone
384 833 569 917 disponitur,
579 828 769 894 confessione
785 834 973 915 poenitentia
988 832 1136 904 nascitur,
1147 833 1311 913 poeniten-

247 924 289 983 tia
300 922 383 979 Deus
394 918 569 1000 mitigatur„
592 917 705 998 Itaque
711 916 928 1000 exomologesis
936 915 1154 999 prosternendi
1169 928 1203 975 et
1215 914 1313 975 bumi-

150 1070 153 1075 ,
248 1003 384 1066 lilicandi
400 1000 537 1083 'bominis
556 996 715 1083 disciplina
729 1013 790 1077 est,
805 1003 1063 1061 conversationem
1075 1000 1246 1084 injungens
1262 1000 1314 1059 mi·

66 1088 430 1165 mtteraettontasericordiae
447 1085 567 1163 illicem,
584 1086 631 1145 De
643 1086 710 1171 ipso
723 1105 849 1169 quoque
859 1082 970 1146 habitu
978 1084 1077 1165 adque
1086 1085 1172 1143 victu
1186 1085 1314 1159 mandat,

68 1168 149 1225 Ψ·
249 1180 341 1249 sacco¹
361 1184 391 1233 et
408 1171 502 1249 cineri
516 1166 672 1245 incubare,
694 1191 810 1253 corpus
824 1170 970 1239 sordibus
988 1168 1168 1243 obscurare,
1185 1171 1316 1229 animum
1353 1204 1356 1253 3

246 1256 456 1329 moeroribus¹¹
466 1254 615 1336 dejicere,
642 1253 703 1330 illa,
737 1276 815 1336 quae
838 1255 992 1336 peccavit,
1016 1248 1108 1312 ⁴t'risti
1134 1255 1316 1314 tractatione

246 1356 382 1404 mutares
402 1351 565 1415 caeterum,
585 1353 705 1423 pastum
725 1342 755 1400 et
770 1350 878 1423 potum
895 1357 972 1423 pura
994 1357 1095 1413 nosse,
1117 1356 1182 1396 non
1206 1340 1315 1397 ventris

247 1418 372 1504 scilicet,
399 1423 591 1485 sedanimae
616 1441 723 1503 causas
755 1423 938 1507 plerumque
964 1441 1037 1482 vero
1063 1423 1190 1482 ieiuniis
1216 1439 1316 1504 preces
1348 1476 1351 1481 .

248 1512 339 1589 alere,
365 1510 569 1592 ingemiscere,
594 1504 773 1584 lacrymari,
796 1519 826 1569 et
850 1509 966 1590 mugire
987 1507 1051 1566 dies
1077 1519 1253 1587 noctesque
1280 1502 1316 1566 ad

93 1630 167 1675 pm,
183 1596 417 1680 „fflDominum
438 1592 537 1655 Deum
562 1604 659 1669 tuum,
687 1591 873 1675 presbyteris
891 1590 1021 1661 advolvi,
1043 1590 1155 1649 eteris
1175 1591 1237 1649 Dei
1264 1590 1317 1651 ad·

71 1648 182 1727 “mlvii
250 1670 433 1765 geniculati,
455 1676 595 1737 omnibus
614 1676 762 1737 fratribus
791 1676 957 1760 legationes
992 1675 1224 1756 deprecationis
1249 1693 1315 1735 suae

249 1764 416 1845 iniungere.
459 1760 540 1821 Haec
570 1763 671 1820 omnia
696 1760 923 1845 exomologesis,
941 1771 977 1818 ut
994 1759 1217 1841 poenitentiam
1234 1780 1316 1819 com-

249 1844 387 1919 mendet,
415 1853 461 1923 ut*
485 1842 524 1903 de
557 1842 684 1925 periculi
710 1847 821 1911 timore
855 1846 1023 1904 Dominum
1052 1840 1198 1912 honoret,
1225 1855 1261 1903 ut
1287 1845 1316 1903 iu

248 1932 440 2011 peccatorem
460 1926 526 2008 ipsa
547 1929 757 2006 pronuncians
779 1947 838 2009 pro
854 1928 912 2000 Dei
931 1927 1145 2009 indignatione
1165 1927 1314 2008 fungatur,

249 2018 280 2070 et
298 2006 459 2089 temporali
482 2008 643 2071 afflictione
665 2021 787 2068 aeterna
807 2011 956 2091 supplicia
978 2032 1041 2070 non
1066 2007 1166 2070 dicam
1182 2009 1314 2069 frustre-

76 2134 79 2141 ·
144 2110 147 2115 ·
249 2104 313 2169 tur,
337 2089 391 2150 sed
425 2100 602 2173 expungat'
625 2091 710 2164 Cum¹
726 2095 821 2175 igitur
847 2094 1002 2175 provolvit
1021 2092 1190 2164 hominem,
1215 2093 1308 2173 magis

250 2173 379 2237 relevat:
400 2194 471 2235 cum
488 2172 662 2256 squalidum
683 2175 776 2257 facit,
796 2178 890 2261 magis
907 2178 1087 2237 mundatum
1108 2176 1217 2239 reddita
1238 2194 1306 2234 cnm

250 2270 384 2336 accuset,
406 2270 540 2321 excusat:
562 2279 632 2319 cum
655 2258 846 2338 condemnat,
872 2259 1016 2321 absolvit:
1041 2264 1232 2343 inquantum
1247 2278 1312 2321 non

250 2344 426 2431 peperceris
451 2342 526 2419 tibi,
546 2344 579 2405 in
594 2354 715 2411 tantum
725 2343 784 2407 tibi
803 2345 898 2422 Deus,
926 2347 1026 2418 crede,
1050 2359 1169 2427 parcet.
1192 2344 1316 2431 Pleros-¹

169 2484 171 2489 .
207 2478 211 2483 .
252 2448 314 2513 que
330 2442 431 2490 tamen
449 2428 549 2492 hoco
574 2448 608 2491 us
629 2442 666 2492 ut
684 2428 925 2515 publicationem
940 2432 988 2491 sui
1013 2441 1066 2491 aut
1081 2429 1251 2515 suffugere,
1268 2437 1319 2491 aut

164 2534 166 2539 ·
252 2514 292 2577 de
315 2513 371 2574 dre'
387 2515 419 2579 in
440 2512 520 2575 diem
543 2450 679 2594 «iucem,
701 2534 879 2600 praesumo,
910 2512 1037 2599 pudoris
1050 2532 1098 2579 me
1121 2516 1148 2577 is
1174 2529 1321 2576 memoms

253 2617 346 2678 quam
359 2597 480 2657 salutisa
500 2598 583 2658 velut
604 2598 660 2675 illi,
683 2602 737 2682 qui
756 2598 940 2683 inpartibus
958 2618 1088 2660 verecun
1112 2598 1237 2661 iniibus
1253 2617 1322 2659 oon

96 2707 186 2754 om„
195 2726 245 2762 eos,
254 2682 340 2762 poris
369 2692 529 2740 contracta
548 2683 724 2760 vexatione,
758 2683 1322 2759 conscientiam'medentium-ritant,

76 2761 160 2851 {122}
170 2763 246 2853 5³2⁰
258 2773 289 2822 et
304 2765 347 2822 ita
367 2783 436 2822 cum
461 2762 676 2826 erubescentia
689 2786 744 2828 sua
766 2783 905 2850 pereunt.
946 2765 1322 2831 Intolerandum.seilteet

73 2857 183 2948 5:111ng
194 2875 249 2952 ἐξ.
258 2845 383 2947 pudpri,
401 2847 536 2909 Domino
560 2847 676 2921 offenso
698 2851 882 2930 satisfacere,
910 2852 1000 2913 saluti
1028 2851 1324 2933 prodactae'reior·

74 2919 345 3075 rr
365 2928 505 3075 sits
527 2931 916 3083 irritaret
945 2934 1323 3083 {sitista-rr

253 3097 327 3162 bori
351 3098 452 3162 locum
473 3058 535 3161 nbn
550 3038 731 3180 faciofcum
743 3102 813 3185 plus
832 3103 870 3165 de
890 3104 1072 3165 detrimento
1094 3103 1164 3184 ejus
1182 3042 1321 3187 desquiro,

252 3205 323 3245 cum
343 3185 408 3268 ipse
428 3182 581 3246 bominem
619 3185 847 3268 quodammodo
883 3188 1079 3251 exhortatur:
1120 3186 1168 3249 Ne
1198 3209 1250 3250 me
1273 3210 1321 3250 re·

251 3271 394 3353 spexeris,
413 3267 525 3346 dicens,
549 3289 609 3352 pro
627 3283 658 3331 te
680 3271 754 3331 mihi
771 3270 875 3339 melius
897 3285 943 3335 est
966 3275 1077 3356 perire.
1121 3272 1215 3335 Certe
1234 3274 1321 3357 peri·

252 3350 356 3413 culum
378 3355 444 3434 ejus
466 3366 540 3417 tunc
561 3355 586 3414 si
610 3353 694 3415 forte
716 3376 878 3419 onerosum
905 3369 960 3434 est,
982 3379 1050 3418 cum
1071 3375 1165 3438 penes
1185 3359 1318 3419 insulta·

250 3445 338 3498 turos
358 3440 389 3497 in
412 3437 571 3519 risiloquio
596 3439 746 3513 consistit,
772 3438 826 3499 ubi
844 3441 882 3503 de
907 3440 1031 3503 alterius
1056 3441 1144 3500 ruina
1166 3441 1251 3503 alter
1274 3437 1318 3504 at*

250 3522 382 3599 tollitur,
401 3519 455 3580 ubi
481 3533 637 3604 prostrato
662 3520 920 3608 superscenditur.
964 3527 1125 3586 Caeterum
1148 3525 1232 3586 inter
1255 3528 1319 3588 ira-

251 3615 312 3666 tres
335 3616 427 3687 atqne
448 3625 619 3683 conservos,
646 3605 701 3667 ubi
726 3630 892 3670 communis
917 3630 995 3693 spes,
1019 3620 1127 3684 metus,
1157 3611 1318 3693 gaudium,

252 3687 364 3766 dolor,
393 3691 493 3773 passio
522 3691 603 3770 (quia
636 3696 802 3753 communis
832 3696 957 3777 spiritns
992 3694 1030 3755 de
1056 3695 1212 3754 communi
1250 3696 1321 3757 Do·

250 3773 333 3833 mino
356 3784 386 3833 et
411 3776 525 3857 patre),
552 3774 629 3855 quid
655 3786 725 3837 tuos
753 3777 853 3855 aliud,
874 3800 966 3860 quam·
981 3791 1012 3839 te
1033 3776 1187 3861 opinaris?
1232 3778 1321 3857 Quid

250 3868 408 3916 consortes
430 3878 555 3919 casuum
571 3870 713 3937 tuorum,
737 3875 772 3923 ut
794 3863 952 3945 plausores
979 3863 1078 3947 fugis?
1119 3859 1192 3922 Non
1213 3875 1320 3945 potest

250 3952 363 4022 corpus
383 3940 421 4000 de
436 3946 527 4004 unius
551 3943 677 4005 membri
696 3949 852 4008 vexatione
868 3947 980 4009 laetum
1009 3964 1114 4032 agerer
1148 3948 1319 4010 condoleat

249 4025 424 4085 universum
445 4036 475 4087 et
495 4028 534 4089 ad
555 4030 720 4093 remedium
740 4030 928 4103 conlaboret,
948 4052 1067 4093 necesse
1099 4039 1152 4091 est.
1197 4031 1236 4092 ln
1255 4054 1319 4094 uno

248 4117 279 4181 et
299 4105 395 4168 altero
414 4108 551 4171 Ecclesia
572 4125 632 4188 est,
651 4113 786 4175 Ecclesia
800 4135 873 4174 vero
892 4113 1041 4178 Christus.
1083 4111 1169 4199 Ergo
1194 4137 1268 4177 cum
1284 4130 1317 4180 te

245 4189 286 4253 ad
311 4193 443 4256 fratrum
464 4213 563 4278 genua
586 4198 756 4280 protendis,
772 4197 925 4261 Christum
942 4211 1126 4277 conuertas,
1148 4199 1313 4266 Christum
