2782 4786
321 354 326 405 ῑ
419 342 749 425 eneruis.
822 339 896 392 ³''
1050 364 1128 439 405

139 565 171 621 2.
214 543 397 611 sothth-
426 543 570 606 Pontifex
606 549 693 629 epist.
710 556 752 612 a.
771 544 816 605 'ad
836 542 1027 625 'Hesychium
1044 543 1125 628 Epi·

56 654 188 720 scopum
204 634 427 711 Salouitannmz
459 630 526 689 Hoc
547 641 648 689 autem
670 624 842 711 specialiter
865 620 900 690 et'
915 628 973 690 sub
993 629 1124 713 praede·
1300 685 1305 693 ,

56 719 235 781 cessoribus
265 716 396 790 nostris,
433 725 462 771 ct
493 734 594 793 nuper
623 712 748 772 anobis
782 715 1122 788 interdictum-toustat,
1147 721 1242 783 tuton
1256 724 1299 777 85·

57 824 99 864 ne
122 806 191 885 quis
212 802 328 883 penitus
350 808 459 858 contra
479 809 603 878 patrum
626 809 804 879 praecepta,
840 799 894 877 qui
915 772 1301 877 ecclesiasticisiiffl⁸³fiss

63 887 230 969 disciplinis
259 882 407 942 imbutus·
424 900 481 962 per
516 880 654 939 ordinem
685 902 746 938 non
769 882 894 954 iitissct,
927 892 957 940 et
976 878 1122 962 temporis
1132 872 1209 963 {3¹2
1261 912 1305 961 ff,

59 971 281 1054 approbatione
301 966 413 1025 divinis
438 964 595 1044 stipendiis
617 962 763 1038 eiu'ditus,
785 974 979 1051 nequaqnam
988 964 1026 1023 ad
1041 985 1124 1022 sum-
1135 981 1183 1025 θη·
1210 950 1217 963 ’
1263 962 1267 967 ’

57 1075 141 1114 mum
174 1051 326 1132 Ecclesiae
362 1047 555 1107 sacerdotum
576 1047 732 1130 adspirare
754 1046 980 1131 praesumeret:
1012 1058 1043 1107 et
1062 1066 1126 1106 uon

22 1166 26 1173 ·
57 1137 160 1197 solum
193 1140 223 1194 in
256 1155 293 1194 eo
316 1130 443 1192 ambitio
477 1130 613 1190 inefficax
627 1132 826 1208 baberetur,
856 1149 963 1191 verum
984 1133 1075 1191 etiam
1096 1131 1128 1189 in

58 1220 255 1280 ordinatores
278 1219 369 1296 ejus,
403 1226 439 1272 ut
460 1226 596 1274 carerent
618 1237 653 1274 eo
676 1216 798 1293 ordine,
823 1237 912 1297 quem
933 1216 998 1276 sine
1018 1213 1129 1275 ordine

59 1317 167 1363 contra
196 1310 361 1384 praecepta
391 1311 512 1376 patrum
549 1299 743 1360 crediderant
769 1300 1034 1381 praesumendum,
1085 1296 1130 1358 Et

59 1388 153 1471 paulo
186 1396 274 1467 post:
307 1382 456 1442 Obsistitc
488 1382 602 1442 talibus
631 1382 890 1454 ordinationibus,
914 1380 1053 1461 obsistite
1074 1399 1129 1440 su-

57 1471 187 1554 perbiae
219 1479 250 1527 et
278 1468 470 1548 arrogantiae
498 1469 640 1525 venienti.
693 1468 809 1525 Tecum
831 1469 947 1529 iaciunt
962 1458 1130 1548 praccepta

57 1567 205 1638 patrum,
239 1563 340 1608 tecum
360 1550 557 1631 Apostolicae
585 1552 664 1610 sedis
687 1552 861 1611 auctoritas.
905 1550 1037 1609 sienim
1060 1545 1131 1607 offi-

59 1639 108 1696 cia
132 1632 296 1694 saecularia
316 1635 486 1715 principem
511 1633 619 1704 locum,
642 1656 703 1693 non
728 1633 908 1697 vestibulum
929 1633 1057 1693 aetionis
1078 1632 1129 1690 in·
1189 1632 1192 1638 '

63 1721 175 1801 gressis
188 1759 198 1792 ,
238 1716 291 1775 sed
325 1737 381 1799 per
411 1716 696 1800 plurimosgradus
719 1720 916 1795 examinatis,
936 1713 1129 1798 temporibus

62 1801 224 1860 deferunt:
256 1801 324 1880 quis
356 1800 408 1860 ille
427 1813 488 1862 tam
510 1801 671 1883 arrogans,
699 1814 760 1861 tam
782 1794 941 1884 impudens
964 1801 1252 1879 invenitur,1³amaun
1274 1816 1303 1859 at

61 1897 100 1944 ut
120 1886 151 1942 in
174 1883 292 1943 caelesti
312 1882 438 1960 militia,
480 1906 556 1965 quae
577 1887 759 1969 propensius
780 1883 978 1966 ponderanda
1000 1894 1062 1957 est,
1098 1870 1302 1957 etfl¹J,¹,⁰{}2,{f''

61 1971 145 2027 sicut
177 1986 283 2026 aurum
307 1970 443 2049 repetitis
478 1968 598 2050 ignibus
621 1967 829 2050 exploranda,
857 1969 956 2026 statim
980 1965 1040 2024 dux
1062 1965 1244 2024 essedfflw·

59 2050 229 2123 desideret,
256 2070 326 2108 cum
360 2062 430 2124 tyro
458 2063 605 2109 ante-nou
627 2052 743 2110 fuerit:
779 2048 813 2109 et¹
829 2052 917 2133 prius
939 2047 1013 2109 velit
1033 2048 1129 2108 doce-

59 2154 117 2207 re,
140 2152 231 2213 quam
254 2132 380 2191 discere.
423 2134 585 2193 Assuescat'
606 2136 637 2191 in
659 2136 786 2194 Domini
809 2136 934 2208 castris,
964 2134 1001 2195 in,
1017 2132 1130 2191 Lecto·
1166 2141 1278 2183 Ordinem

61 2238 132 2277 uun
159 2217 300 2297 piamun
332 2215 431 2298 granu
454 2218 547 2277 arvini
569 2218 744 2276 suumne
765 2218 898 2275 servan:
925 2234 982 2272 nec
1003 2214 1047 2271 nn
1068 2190 1232 2291 anem·
1261 2254 1264 2259 .

63 2302 139 2373 sit,
158 2300 358 2372 exorcistam,
397 2300 567 2376 acolytum,
607 2299 853 2373 subdiaconum,
883 2296 1045 2354 diaconum
1070 2315 1128 2379 per

64 2382 204 2442 ordinem
219 2380 311 2442 fieri:
334 2403 391 2442 nec
412 2383 472 2443 boc
495 2378 590 2458 saltu,
613 2381 810 2447 sedstatutis
830 2380 981 2457 majorum
999 2377 1127 2437 ordina·

62 2468 148 2541 tione
171 2460 381 2549 temporibus.
430 2467 496 2524 iam
527 2484 600 2523 vero
623 2462 667 2521 ad'
682 2463 863 2545 presbyterii
885 2456 1038 2544 fastigium
1058 2460 1133 2520 talis·

61 2542 204 2625 accedat,
226 2552 273 2609 'ut
294 2563 325 2608 et
346 2569 455 2607 nomen
478 2559 559 2606 aetas
581 2540 726 2627 impleat,
750 2542 779 2605 et
801 2547 942 2604 meritum
961 2536 1126 2626 probitatis

61 2634 214 2715 stipendia
236 2644 371 2692 anteacta
390 2642 547 2689 testentur.
590 2631 662 2688 Jure
683 2630 755 2689 i‘nde
776 2630 883 2689 summi
905 2624 1056 2711 pontificis
1076 2628 1136 2709 lo'-[

60 2738 132 2777 cnm
150 2734 279 2798 sperare
300 2713 434 2773 debebit.
478 2715 520 2773 Et
540 2714 634 2796 paulo
658 2726 754 2797 post:
788 2715 871 2775 Haec
892 2715 1039 2773 antemio
1063 2710 1129 2772 sin-
1269 2782 1274 2792 Ι

61 2801 144 2886 gulis
178 2797 323 2880 gradibus
353 2796 541 2858 obseruanda
576 2811 647 2858 sunt
675 2798 823 2880 tempora.
876 2797 919 2874 Si
939 2796 977 2858 ab
1000 2782 1303 2874 infantia'ossfflff'ffl,

61 2884 272 2944 ecclesiasticis
292 2882 464 2942 ministeriis
491 2904 601 2943 nomen
626 2883 754 2958 dederit,
778 2885 858 2943 inter
879 2882 1009 2943 lectores
1031 2879 1304 2972 usqu⁰ffi⁵⁸hffl¹{'

61 2969 105 3029 nd
129 2968 308 3024 vicesimum·
322 2969 426 3027 aetatis
445 2988 578 3039 annum,
613 2970 789 3026 continuata
814 2966 1027 3025 observtitione
1055 2984 1185 3046 per-tur.

65 3052 176 3109 duret:
210 3049 244 3108 Si
275 3051 375 3130 major
412 3054 473 3132 jam
502 3064 534 3113 et
554 3052 743 3135 graridaerus
762 3050 932 3124 accesserit,
953 3050 996 3108 ita
1018 3060 1129 3123 tamen,

64 3146 112 3192 ut·
126 3145 196 3214 post
216 3133 401 3216 baptismum
422 3139 522 3194 statim
543 3156 575 3195 se
603 3135 722 3194 divinae
739 3134 862 3193 militiae
885 3132 1034 3219 desideret
1045 3151 1131 3190 man·

64 3219 180 3298 cipari,
215 3220 276 3277 sire
303 3220 384 3277 inter
403 3218 554 3294 lectores,
582 3221 645 3291 sive
668 3221 746 3276 inter
768 3217 931 3277 exorcistas
953 3212 1130 3297 qtiiuquen-

63 3303 118 3371 nio
139 3312 298 3362 tencatur:
320 3300 428 3363 exinde
449 3303 605 3378 acolytus,
627 3302 675 3361 tel
698 3301 902 3361 subdiaconus
925 3313 1058 3383 quatuor
1074 3304 1130 3359 ttu-

62 3386 128 3444 nis:
167 3398 198 3445 et
230 3388 273 3446 sic
292 3387 331 3446 ad
353 3387 597 3447 benedictionem
619 3388 795 3446 diaconatus
820 3386 855 3461 (si
874 3392 1022 3458 meretur]
1042 3403 1130 3442 acce-

62 3467 140 3527 dat:
160 3471 200 3531 in
234 3466 296 3550 qun
318 3471 424 3531 ordine
439 3473 584 3552 3quinque
606 3472 715 3548 annis,
750 3471 776 3528 si
798 3468 963 3552 inculpare·
976 3488 1010 3529 ee
1029 3476 1132 3549 'gesse-

63 3554 123 3628 rit,
151 3551 279 3614 haerere
310 3554 442 3615 debebit.
500 3553 618 3613 Erinde
639 3552 873 3635 suifragantibus
894 3550 1054 3634 stipendiis
1075 3568 1131 3631 per

62 3647 114 3696 tot
133 3637 246 3720 gradus
271 3636 351 3697 datis
378 3640 522 3720 propriae
543 3636 617 3697 fidei
638 3628 851 3713 ddcumentis,
873 3634 1058 3719 presbyterii
1080 3652 1131 3693 sa·

66 3720 238 3781 eerdotium
274 3722 392 3805 poterit
420 3723 599 3803 promereri.
648 3721 697 3781 Dc
730 3742 794 3801 quo
829 3723 899 3779 loco
926 3720 965 3797 (si
987 3739 1024 3777 eo
1046 3716 1134 3799 illum

66 3808 202 3865 exactior
228 3806 268 3865 ad
292 3805 393 3866 bonos
420 3826 520 3867 mores
541 3816 603 3864 vita
621 3806 818 3887 perduxerit)-
834 3824 981 3864 summum
1005 3796 1134 3883 pontili-

64 3903 167 3947 catum
188 3910 310 3971 sperare
333 3888 467 3949 debebit.
521 3889 586 3948 Hac
603 3900 704 3969 tamen
725 3890 789 3971 lege
813 3900 950 3962 servata,
980 3895 1016 3945 ut
1032 3872 1133 3964 nerine
1145 3880 1295 3974 ,33:33⁸

64 3970 230 4054 bigamusp
246 3966 557 4056 neque·.ipoeniten's,
583 3970 819 4053 mequeviduae
844 3974 990 4046 maritus,
1014 3968 1053 4028 ad
1076 3967 1133 4028 hos
1146 3982 1230 4027 mariti,
1253 3990 1299 4018 non

65 4058 180 4139 gradus
198 4061 297 4138 possit
318 4059 445 4118 admitti.
488 4057 586 4126 Sane,
608 4068 643 4116 nt
668 4059 757 4117 etiam
782 4039 1296 4128 defensores·Ecclestb,t¹gtlif⁰”¹⁰'

65 4143 121 4220 qui
151 4162 186 4201 ex
216 4140 297 4201 laicis
326 4140 425 4217 fiunt,
458 4141 634 4223 supradicta
657 4140 872 4202 observatione
892 4151 1074 4217 teneantur,
1109 4141 1134 4198 si

67 4226 240 4285 meruerint
261 4245 324 4286 esse
344 4229 375 4286 in
396 4225 504 4287 ordine
524 4226 695 4288 clericatus.
