2790 4792
393 344 397 351 ’
489 342 795 415 O-RDINIS.
1083 356 1197 423 '423³

93 531 208 597 ficabat
224 533 385 610 Dominus,
405 526 492 611 qnasi
511 548 587 611 nero
608 548 670 609 eos,
694 530 748 609 qui
771 531 926 592 crederent
949 537 980 613 in
1000 532 1167 615 Christum,

91 624 134 680 ad
146 620 333 680 iudaeorum
351 613 486 676 scholam
497 615 641 688 mitteret,
663 624 697 672 ut
718 612 761 672 ibi
783 614 942 688 discerent,
963 620 1164 697 quemadmn-
1177 625 1282 672 Mnus
1296 638 1314 671 n

96 704 322 764 dumiensis
348 700 387 761 ad
412 716 538 780 regnum
573 697 746 757 caelorum?
787 697 892 756 Nonne
917 674 1337 783 ides'lmntnnsii‘iiifiiiiit

92 791 190 860 venit,
212 800 248 848 ut
269 791 431 847 instrueret
450 781 630 854 Ecclesiam,
651 782 799 863 ipsosque
822 780 954 842 Judaeos
989 785 1064 847 bene
1091 773 1314 864 ονε-ζώω

78 864 212 949 dentes,
234 884 262 932 et
283 870 360 930 bene
372 876 546 953 sperantes,
567 876 598 924 et
619 865 700 925 bene
714 864 873 948 diligentes
890 886 1071 950 segregaret,
1092 886 1162 934 tan.

94 976 187 1034 quam
204 956 355 1016 frumenta
374 975 391 1012 a
412 950 516 1032 paleis,
546 960 575 1007 et
603 949 716 1010 faceret
739 971 833 1009 unum
856 952 1002 1032 parietem
1031 957 1163 1016 eircum-

91 1041 231 1114 cisiouis,
255 1043 304 1100 eui
320 1039 571 1115 conjungeretur
591 1033 668 1092 alius
702 1036 803 1118 paries
836 1056 870 1093 ex
901 1044 1064 1116 praeputio
1087 1063 1162 1122 gen-

87 1125 177 1199 tium,
200 1125 312 1206 quibus
335 1117 459 1182 duobus
487 1117 657 1199 parietibus
683 1119 722 1179 de
752 1118 874 1178 diverso
902 1121 1092 1180 venientibus
1114 1145 1162 1183 es-
1172 1131 1256 1183 Eunus.
1272 1142 1291 1181 2·
1307 1143 1337 1180 u.

87 1218 142 1276 set,
157 1209 316 1291 ipseiapis
337 1200 517 1287 angiriaris?
558 1202 600 1262 Et
634 1214 683 1262 ost
703 1216 818 1286 pauca:
849 1202 911 1262 Sed
931 1208 1056 1263 nonrine
1079 1206 1163 1266 Pha·
1258 1282 1262 1289 Ι

87 1293 258 1352 ri'saeoru'm
281 1303 311 1352 et
332 1288 503 1349 scribarum
524 1225 701 1370 signideavit
729 1289 876 1369 quosdam
898 1288 930 1346 in
952 1288 1076 1348 eeclesia
1109 1311 1166 1351 sua

85 1374 227 1452 futuros,
245 1378 300 1456 qui
322 1374 474 1446 dicerent,
500 1381 530 1430 et
553 1393 617 1431 non
643 1373 783 1432 facerent.
827 1372 866 1431 Se
883 1382 984 1433 utitem
1012 1370 1165 1456 figurare-

84 1460 138 1519 'rat
158 1463 189 1519 in
204 1478 336 1541 persona
358 1454 475 1530 Moysi:
518 1455 637 1523 Etenim
655 1477 818 1538 personam
841 1457 909 1535 ejus
928 1457 1053 1538 gerebat
1071 1461 1165 1534 Moy-

83 1562 145 1618 ses.
189 1545 306 1602 Iterum
326 1550 399 1622 p'ost
419 1558 534 1621 paucas
577 1542 695 1615 Laicus,
716 1541 854 1621 quivult
873 1540 952 1599 bene
971 1542 1165 1615 virere,eum

69 1627 254 1687 attenderit
275 1625 420 1684 clericum
441 1623 562 1699 malum,
586 1622 663 1703 quid
681 1624 740 1683 sibi
759 1624 853 1685 dicit?
895 1626 1046 1684 Dominus
1071 1626 1163 1687 dixit:

83 1712 177 1786 Quae
199 1709 316 1784 dieunt,
335 1705 443 1768 faciie':
471 1728 549 1788 quac
571 1708 697 1785 faciunt,
719 1709 818 1768 faeere
840 1708 943 1771 nolite.
985 1709 1161 1771 ambutabo
1174 1719 1337 1777 reniteretur.

80 1797 166 1854 viam
186 1794 320 1869 Domini,
343 1812 405 1853 non
428 1811 540 1873 sequar
562 1793 629 1871 ejus
646 1812 755 1853 mores,
797 1792 929 1854 Audiam
950 1793 989 1852 ab
1010 1793 1075 1870 iiie,
1098 1769 1258 1855 nonflmum'
1351 1804 1353 1811 ’

82 1876 183 1937 verba
201 1876 306 1959 ipsius,
329 1877 383 1936 sed
399 1876 467 1936 Dei.
511 1876 629 1957 Sequar
658 1878 794 1952 DEUM,
817 1888 965 1957 sequatur
993 1878 1044 1937 ilie
1072 1881 1161 1962 cupif
1210 1927 1213 1933 .

82 1961 213 2021 ditatem
233 1981 327 2020 suam.
365 1962 452 2037 ‘Quia
473 1962 499 2019 si
520 1960 650 2020 voluero
668 1961 750 2045 apud
778 1962 898 2020 DEUM
922 1963 965 2019 sie
983 1984 1031 2021 me
1052 1963 1160 2023 dei'en-

64 2046 169 2120 ‘dere,
192 2055 226 2103 ut
248 2045 364 2103 dicam:
405 2045 552 2118 Domine,
583 2043 645 2102 vidi
673 2044 750 2104 maie
779 2045 928 2105 virentem
950 2045 1038 2105 ilium
1062 2048 1161 2108 Cleri-

80 2151 154 2190 cum
179 2139 286 2204 tuum,
324 2134 363 2188 ‘et
388 2127 460 2187 ideo
481 2125 566 2191 ,maie
587 2129 666 2190 vixit
699 2150 802 2189 nonne
828 2128 904 2188 mihi
931 2130 1072 2190 dicturus
1098 2145 1158 2192 est:

80 2215 177 2274 Serve
195 2232 346 2293 nequam,
378 2230 442 2272 non
469 2231 485 2270 a
524 2233 571 2272 me
599 2212 757 2276 audieras:
801 2215 887 2288 Quae
917 2213 1035 2289 dieunt,
1060 2216 1159 2282 facite,
1241 2254 1244 2261 ·

84 2318 163 2378 quae
187 2309 286 2356 autem
306 2297 440 2372 faciunt,
456 2295 559 2354 facere
576 2295 689 2354 nolite?
731 2295 831 2354 Maius
851 2306 952 2354 autem
968 2296 1063 2354 laicus
1086 2297 1159 2355 infr·
1170 2349 1192 2387 Μ
1229 2351 1244 2388 t
1265 2357 1277 2379 ο

86 2382 171 2457 deiis,
195 2402 256 2454 non
281 2382 436 2464 pertinens
459 2379 508 2438 ¹ad
533 2398 654 2459 gregem
685 2377 815 2449 Christi,
850 2398 914 2436 non
938 2381 1090 2458 pertinens
1117 2380 1156 2438 ad
1168 2356 1333 2439 niiistdid:

1167 2459 1245 2484 corum
1255 2461 1309 2486 COD·

79 2467 269 2526 frumentum
291 2464 429 2538 Christi,
460 2462 513 2540 qui
537 2470 682 2539 tanquam
721 2459 808 2539 palea
835 2480 866 2516 ru
901 2479 969 2518 area
994 2461 1274 2538 toie1·atur„„„„„

66 2551 160 2630 ·quid
184 2548 244 2609 sibi
268 2548 353 2622 dicit,
374 2544 499 2625 quando
522 2543 660 2623 coeperit
675 2540 761 2600 iilum
781 2558 909 2625 arguere
930 2544 1057 2605 'verbum
1081 2548 1158 2606 neit

77 2635 155 2695 Exi:
179 2633 255 2714 quid
279 2630 355 2689 mihi
386 2625 543 2707 loqueris?
586 2627 648 2708 ipsi
675 2625 839 2709 Episcopi,
872 2628 930 2711 ipsi
959 2628 1066 2689 Cicrici
1093 2651 1157 2691 non
1218 2666 1227 2685 .

77 2719 160 2784 iilud
173 2718 303 2785 faciunt,
322 2723 353 2770 et
373 2733 420 2770 me
437 2710 532 2790 cogis,
552 2720 587 2768 ut
604 2708 740 2770 faciam?
783 2712 914 2788 Quaerit
933 2713 990 2770 sibi
1014 2735 1077 2775 non
1098 2736 1157 2797 pa-

77 2816 207 2864 tronum
230 2797 270 2858 ad
294 2816 414 2854 eausam
434 2794 550 2870 maiam,
572 2795 626 2853 sed
662 2798 803 2860 comitem
827 2795 867 2856 ad
898 2819 1036 2880 poenam.
1078 2801 1156 2861 Nam

77 2904 239 2964 nunquam
270 2902 338 2940 eum
360 2878 410 2937 iile
436 2879 618 2953 detrusurus
642 2882 738 2939 estin
762 2881 810 2941 die
833 2881 959 2962 judieii,
974 2902 1156 2960 ¹‹peremtum-

79 2990 146 3054 que
173 2965 284 3025 malum
305 2963 437 3023 voluerit
457 2964 577 3023 imitari.
605 2964 791 3042 Quomodo
815 2968 893 3028 enim
914 2966 1064 3027 Diabolus
1088 2990 1156 3028 om-

78 3071 147 3124 ncs,
171 3070 250 3130 quos
265 3048 395 3125 seducit,
413 3066 478 3127 non
491 3048 621 3126 seducit,
641 3068 713 3108 eum
727 3050 841 3131 quibus
864 3063 980 3134 regnet,
1003 3053 1067 3127 sed,
1085 3073 1155 3115 eum

78 3133 198 3218 quibus
221 3135 394 3195 damnatura
416 3133 459 3191 sie
481 3153 593 3209 omnes,
617 3136 669 3216 qui
701 3146 875 3215 sequuntur
903 3134 1016 3207 maios,
1030 3139 1155 3197 comites

77 3218 142 3282 sibi
158 3218 196 3278 ad
209 3218 373 3304 gehennam
388 3228 550 3305 quaerunt,
563 3238 625 3278 uon
638 3221 810 3301 patrocinia
830 3219 869 3279 ad
882 3240 974 3304 regna
987 3221 1154 3284 caelorum.

163 3316 191 3370 7.
235 3300 560 3362 CHRYSOSTOMUS
592 3302 673 3365 hom.
705 3317 746 3372 85
777 3306 808 3362 in
839 3304 1001 3364 ioannem:
1044 3309 1154 3389 Magna

72 3389 210 3470 dignitas
232 3386 441 3447 sacerdotum·
485 3388 749 3471 Quorumeunque
764 3391 947 3464 remiseritis,
960 3392 1079 3473 inquit,
1103 3413 1155 3450 re-

74 3475 167 3537 missa
196 3484 266 3531 sunt
297 3483 429 3555 peccata.
471 3471 681 3546 Quamobrem
710 3473 821 3534 Paulus
839 3473 974 3534 dicebat:
1019 3475 1152 3537 obedite

71 3557 406 3641 Praepositrsurestris,
436 3567 468 3615 et
489 3555 645 3637 subjacete
666 3559 725 3634 eis,
753 3570 789 3617 ut
813 3561 973 3618 maximum
992 3560 1070 3641 ipsis
1093 3535 1175 3618 ha-J

73 3643 174 3705 beatis
198 3641 358 3700 honorem.
402 3642 451 3699 ru
477 3642 556 3701 euim
580 3650 754 3701 rem'tuam
774 3664 879 3704 curas:
903 3647 1039 3724 quamsi
1071 3644 1150 3704 bene

73 3726 251 3802 ordinaris,
281 3724 366 3785 nulia
388 3724 445 3786 tibi
468 3723 526 3785 alia
548 3727 712 3787 solicitudo
741 3728 905 3811 impendet·
947 3726 1098 3787 Sacerdos
1123 3731 1147 3787 si

69 3812 168 3871 vitam
192 3810 386 3895 disposuerit,
410 3821 492 3868 tuam
513 3820 613 3869 autem
634 3829 697 3868 non
716 3810 879 3894 diligenter
894 3815 1057 3885 curaverit,
1078 3833 1148 3870 eum

72 3897 175 3976 imptis
198 3898 229 3954 in
259 3894 427 3979 gehennam
448 3892 645 3953 detrudetur:
677 3906 707 3953 et
731 3914 952 3975 nonuunquam
983 3915 1046 3954 non
1069 3889 1307 3975 pro-⁸³⁰⁶“¹⁰²¹¹¹¹'

71 3981 151 4065 priis
174 3980 355 4056 actionibus,
378 3977 432 4038 scd
455 3979 569 4037 nostris
588 3979 767 4054 damnatur,
792 3981 850 4037 nisi
865 3980 976 4050 omnia,
1002 4000 1080 4062 quae
1107 3940 1322 4052 adssiiiiiiiiiss

70 4084 106 4125 se
130 4075 277 4147 spectant,
301 4063 416 4125 essieiat.
462 4065 537 4122 Cum
564 4065 660 4145 igitur
679 4062 813 4144 periculi
836 4063 1071 4146 magnitudinem
1098 4067 1146 4125 vi·
1157 4048 1243 4093 ’uum'
1310 4089 1313 4094 ·

68 4148 182 4223 dentis,
203 4147 296 4207 muita
317 4168 368 4208 eos
392 4142 600 4208 benevolentia
622 4148 876 4231 prosequamini:¹
897 4148 981 4230 quod
1012 4162 1041 4210 et
1060 4149 1147 4210 Pau-

71 4234 123 4295 lus
146 4229 337 4314 significavit,
355 4233 473 4297 dieasse
517 4233 579 4319 Ipsi
600 4232 792 4322 pervigilant,
814 4224 901 4313 quadi
925 4235 1070 4295 rationem
1086 4257 1144 4318 pro

1176 3545 1229 3580 oen.
1241 3542 1275 3589 aa,
1293 3543 1324 3580 as.

1161 3795 1229 3835 Hebe.
1242 3801 1274 3838 15.
1293 3803 1315 3838 rt
