2790 4792
287 287 911 418 contraditionis.
1083 323 1135 393 os

151 534 183 589 0.
224 513 448 585 conatuum
479 510 715 576 Florentinum
750 505 922 573 nemun
954 482 1135 574 sacramen-

68 617 141 666 tum
164 613 210 663 est
230 596 423 659 Confirmatio
446 610 502 659 ete.
1001 604 1004 609 ·

158 722 188 777 7.
232 704 453 766 CONCILIUM
487 700 709 763 Constantiens.
743 719 815 767 sess,
839 713 908 776 lo,
936 701 968 758 in
991 697 1141 759 eundem--

71 796 195 855 natione
226 790 325 850 octavi
358 789 479 849 articuli
508 787 634 847 loannis
662 785 747 863 Huc,
778 787 914 844 meminit
943 796 1058 869 septem
1085 800 1136 855 sa·-

72 888 303 939 eramentorum.
1097 886 1100 891 ·

154 997 183 1051 8.
226 978 456 1043 CONCILIUM
486 952 573 1036 Triil.
598 994 667 1034 sess.
696 982 725 1042 7.
749 990 814 1033 ean.
848 985 875 1040 1.
904 970 943 1033 de
976 969 1136 1033 confirm:

69 1070 102 1128 Si
126 1071 193 1150 quis
218 1068 337 1144 dixerit,
360 1056 631 1125 confirmationem
644 1058 869 1141 baptizatorum
896 1052 1139 1139 otiosameaere3

68 1156 202 1215 moniam
224 1171 308 1227 esse,
338 1162 370 1210 et
389 1167 452 1206 non
473 1145 580 1227 potius
602 1162 706 1200 verum
728 1152 758 1201 et
777 1138 937 1224 'proprium
960 1141 1138 1200 Sacramen-

68 1248 152 1312 tum,
172 1225 239 1295 ¹aut
271 1234 348 1295 olim
378 1229 460 1301 nihil
480 1226 564 1286 aliud
590 1227 699 1302 fuisse,
734 1240 826 1307 quam
847 1223 1017 1284 catechesin
1039 1243 1140 1303 quan-

67 1320 157 1394 dam,
190 1338 251 1400 qua
282 1314 504 1377 adolescentiae
535 1312 663 1394 proximi
697 1306 772 1368 fidei
802 1328 874 1370 suae
904 1302 1052 1367 rationem
1085 1326 1141 1366 co-

66 1424 133 1465 ram
154 1404 295 1462 Ecclesia
318 1395 530 1478 exponebant,
552 1394 709 1453 anathema
729 1395 778 1453 sit.

153 1522 188 1577 -9.
231 1501 477 1565 BERNARDUS
499 1503 531 1559 in
552 1501 613 1559 rita
634 1495 763 1559 Malaeh.
783 1488 887 1584 Epise.
910 1498 1052 1560 Hiberus
1074 1498 1144 1559 Ma·
1169 1494 1299 1536 Contenta

67 1593 189 1655 lachias
210 1575 313 1647 usum*
324 1583 552 1643 saluberrimum
575 1584 790 1660 confessionis,
820 1595 1039 1659 sacramentum
1065 1546 1305 1644 coneiiilioilifiii

39 1736 43 1747 ,
69 1671 277 1754 firmationis,
299 1679 486 1728 contractum
505 1670 736 1750 conjugiotum,
760 1689 837 1751 quae
859 1672 963 1747 omniaj
975 1680 1027 1728 aut
1051 1654 1303 1752 igno-iiiiii&

74 1758 194 1819 rabant
214 1764 267 1813 aut
287 1751 490 1834 negligebant,
530 1752 567 1811 de
589 1773 669 1818 novo
691 1755 829 1813 instituit.
874 1754 951 1812 Cum
974 1765 1073 1812 autem
1090 1774 1140 1829 cs-

74 1852 124 1902 set
156 1838 200 1898 illi
231 1837 365 1896 studium
388 1849 417 1894 et
447 1837 525 1896 zelus
545 1838 689 1902 maximus
719 1839 800 1898 circa
818 1837 934 1897 cultum
956 1836 1138 1913 divinorum,

74 1937 107 1986 et
139 1922 361 1983 venerationem
390 1932 666 1981 sacramentorum:
703 1942 742 1981 ne
771 1920 854 1981 forte
883 1920 991 1981 dehis
1022 1920 1139 2005 aliquid

73 2009 278 2070 constitueret
312 2004 359 2064 vcl
381 2003 504 2065 doceret
527 2025 623 2082 secus,
655 2025 746 2085 quam
772 2009 848 2066 ritus
866 2005 995 2067 haberet
1014 2009 1140 2065 uniren-

74 2092 146 2154 salis
170 2089 343 2164 Ecclesiae,
376 2087 470 2149 subiit
492 2091 645 2165 animum,
668 2090 752 2150 adire
774 2095 954 2173 episcopum
972 2089 1137 2169 Malchum,

76 2177 133 2256 qui
157 2195 187 2235 se
205 2173 323 2255 plenius
343 2172 380 2233 de
404 2172 544 2233 omnibus
568 2173 754 2233 informaret
797 2177 854 2235 Hic
876 2187 948 2247 erat
961 2195 1051 2255 senex
1070 2174 1140 2256 ple-

76 2279 135 2318 nus
165 2257 284 2319 dierum
310 2255 342 2315 e't'
367 2259 530 2317 virtutum:
558 2269 589 2316 et
610 2257 758 2337 sapientia
776 2259 838 2319 Dei
865 2270 930 2317 crat
952 2260 984 2341 in
1004 2257 1067 2316 illo.
1110 2258 1141 2334 is

77 2362 207 2427 puerum
233 2353 330 2400 mente
347 2353 468 2424 captum
485 2362 520 2400 ex
546 2338 617 2414 his,
649 2360 725 2418 quos
744 2341 895 2401 lunaticos
920 2350 1045 2416 vocant,
1064 2341 1143 2397 inter
1164 2333 1301 2373 “inm

63 2423 318 2497 ,confirmandum
338 2447 423 2486 saera
442 2426 588 2484 unctione
613 2425 738 2509 sanavit.
761 2472 764 2477 .
1154 2384 1306 2471 {litaii'ldf‘

160 2545 214 2600 40.
255 2531 413 2592 PETRUS
433 2532 574 2591 Damian.
597 2527 692 2587 Serus.
716 2538 744 2595 1.
773 2522 939 2591 duldedic.
960 2526 1066 2605 Eccl:
1087 2527 1144 2587 Se-
1158 2518 1310 2621 ,222533353

78 2617 212 2680 cundum
234 2628 279 2675 est
298 2611 521 2677 sacramentum
543 2610 801 2672 confirmationis
825 2613 864 2673 In
885 2612 1065 2696 baptismate
1080 2615 1144 2696 spi-
1156 2617 1310 2679 confirmado·

78 2707 157 2765 ritus
187 2701 279 2760 datur'
309 2700 506 2774 adveniam,
537 2696 589 2755 hic
609 2697 648 2756 ad
666 2718 816 2779 pugnam:
837 2693 1081 2758 ibi-mundamur
1106 2683 1200 2756 ab¹¹¹⁸'

79 2784 312 2867 iniquitatibus,
349 2782 401 2841 hic
428 2780 593 2840 virtutibus
624 2784 859 2863 praemunimur.
912 2783 1019 2843 Nonne
1040 2785 1071 2842 in
1091 2802 1148 2841 au-

80 2868 271 2956 perliminari
292 2866 395 2925 fronte
421 2866 529 2925 domus
548 2878 669 2925 nostrae
688 2868 854 2942 terrestris,
885 2878 1064 2927 consecrata
1085 2887 1151 2925 ma

80 2976 140 3016 nus
167 2953 246 3011 sacri
264 2947 432 3009 chrismatis
443 2951 588 3032 imprimit
600 2951 796 3025 unctionem?
835 2951 900 3010 Nee
921 2951 1057 3033 quilibet
1074 2949 1152 3009 tanti

79 3036 224 3115 mysterii
241 3031 357 3113 legitur
377 3047 547 3111 exsecutor,
568 3035 622 3094 sed
648 3035 734 3095 solus
750 3038 928 3119 episeopus,
950 3055 1044 3116 super
1062 3035 1152 3112 eujus

82 3130 182 3207 caput
198 3117 301 3177 fusum
323 3129 368 3176 est
395 3120 545 3179 unctionis
566 3118 686 3195 oleum,
710 3132 747 3179 et:
764 3121 856 3198 cujus
879 3117 989 3175 dationi
1010 3115 1158 3176 sacerdo*
1214 3165 1217 3172 .
1299 3140 1306 3163 ·-

82 3208 154 3269 talis
173 3200 330 3261 subditur
366 3200 539 3260 multitudo.
591 3203 746 3284 Baptismi
770 3203 898 3284 gratiam
918 3202 1003 3258 omni·
1024 3199 1152 3271 homini,

85 3292 135 3351 vel
168 3286 250 3347 omni
287 3286 370 3344 sexui
405 3284 532 3342 tradidit
555 3289 716 3345 auctoritas
743 3276 959 3366 antiquorum:
981 3282 1310 3379 confirma-hamanus

84 3375 179 3436 tionis
200 3381 299 3430 autem
318 3370 456 3450 insigne,
490 3367 552 3426 sola
571 3368 752 3451 pontificalis
776 3389 907 3451 persona
928 3389 998 3428 suae
1019 3354 1323 3445 vindieatm'iiridiiii‘

87 3457 240 3544 dignitati.
283 3453 360 3513 Inde
390 3463 454 3525 est,
488 3452 571 3531 quod
589 3453 754 3513 decretales
775 3455 902 3535 paginae
931 3467 960 3513 et
977 3447 1217 3513 sanctoruu1⁸¹‘'¹·

86 3536 212 3628 petium
230 3540 367 3598 instituta
390 3537 569 3610 decernunt,
589 3558 653 3596 non
673 3557 737 3597 esse
760 3537 957 3597 differendam
985 3549 1057 3619 post
1075 3536 1153 3618 bap·
1256 3614 1258 3619 ‚

87 3631 214 3690 tismum
235 3623 415 3682 sacramenti
443 3619 540 3700 hujus
569 3622 733 3696 virtutem,
765 3643 802 3681 ne
834 3625 1045 3699 noe-inermies
1068 3623 1152 3680 inv-e-
1164 3638 1275 3695 uoenon,
1294 3635 1353 3694 att·

87 3713 156 3774 niat
180 3703 461 3767 fraudulentusille
486 3714 668 3779 contortor,
691 3725 707 3763 a
737 3727 800 3785 quo
824 3727 912 3765 nemo
939 3727 1074 3787 uuquam
1095 3688 1235 3776 110-ξῖῗῖῘῷ
1255 3684 1327 3780 iiiia

89 3794 182 3856 cendi
205 3792 341 3851 inducias
356 3789 488 3849 extorsit.
533 3786 785 3870 Delihutiigitur
809 3792 969 3871 utriusque
993 3792 1072 3849 roris
1094 3782 1304 3874 ¹¹¹¹·iiiii'iiiii

91 3888 231 3964 guento,
263 3872 316 3933 illo
344 3874 456 3948 sanati,
486 3872 656 3933 confortati
673 3875 750 3945 isto,
783 3875 919 3932 securius
939 3874 1197 3947 descendamusu
1214 3846 1267 3932 *ds-
1291 3881 1331 3929 tta

92 3965 131 4025 ad
159 3958 312 4042 singulare
341 3967 500 4033 certamen.
556 3955 622 4016 Nee
656 3975 713 4015 nos
737 3956 907 4017 deterreant
932 3980 1015 4031 erma
1040 3941 1266 4030 Gottae,²³¹⁵“l'

94 4048 140 4108 vel
170 4041 348 4127 magnitudo
363 4053 481 4100 moveat
504 4037 678 4115 staturalis,
712 4059 771 4122 qua
788 4042 945 4103 nobiscum
966 4056 1012 4103 est
1032 4048 1160 4123 magnus

99 4129 248 4193 Dominus
281 4127 364 4186 Deus
390 4135 524 4201 noster„
546 4136 577 4185 et
609 4130 830 4207 magnevitam
864 4129 949 4208 ejus,
985 4127 1162 4210 apprehen-a
1232 4141 1235 4147 '

99 4212 170 4278 dens
190 4230 276 4277 arma
293 4220 325 4272 et
343 4220 486 4287 scamus,
507 4220 543 4272 ut
563 4220 706 4298 exsurgat
722 4207 755 4271 in
771 4211 962 4297 adjutorium
984 4209 1094 4277 uobis.
1122 4252 1127 4259 -
1171 4221 1234 4272 tunt·
1254 4223 1294 4272 ‚³4-
1308 4219 1333 4269 t·
