2782 4786
226 324 310 450 iffi
472 361 1066 436 uasscaausrro

177 602 181 613 ·
233 559 360 622 verbam
382 555 582 628 demonstrat,
607 550 744 614 abiait:
784 550 854 613 lior
873 551 1073 626 autemdico,
1101 548 1230 628 fratres,
1246 563 1316 614 ten·

62 673 142 716 „cm
161 665 294 729 ,‚2„pus
318 644 409 702 breve
439 653 504 702 est:
547 637 712 719 Reliquum
735 648 800 711 est,
833 647 878 708 ut,
894 636 930 697 'et
973 637 1030 719 qui
1052 633 1193 696 habent
1212 658 1301 712 uxores,

59 740 82 758 '⁶
96 731 129 770 ⁸¹·
235 744 382 810 tanquam
408 746 469 786 non
494 723 643 784 habentes
664 724 741 787 sint:
766 731 798 781 et
817 723 872 801 qui
893 719 974 798 ilent,
995 733 1163 800 tanquam
1178 720 1297 782 nonin·

235 827 298 873 tes:
316 811 414 891 etqui
440 808 584 893 gaudent,
611 798 757 887 tanquam
778 825 843 864 non
864 805 1045 888 gaudentes:
1076 816 1114 865 et
1144 807 1202 888 qui
1216 820 1297 882 emunt,

236 911 380 976 tanquam
400 915 465 954 non
486 890 690 976 possidentes:
711 902 744 950 et
777 889 832 970 qui
859 900 985 949 utuntur
1006 887 1076 948 hoc
1099 890 1242 968 mundo,
1254 903 1303 951 tan·

179 1048 182 1053 ¹
238 1001 329 1062 quam
349 999 410 1039 non
432 988 561 1038 utentes.
603 975 758 1054 Praeterit
773 973 853 1032 enim
866 971 963 1056 ligura
977 973 1080 1053 hujus
1095 974 1217 1034 mundi.
1241 974 1304 1037 ‘Vola

238 1075 337 1124 antem
359 1082 412 1123 vos
432 1065 497 1121 sine
520 1059 726 1120 sollicitudine
748 1079 821 1118 esse.
864 1057 930 1134 Qui
950 1060 1015 1116 sine
1036 1079 1147 1120 uxore
1160 1071 1215 1134 est,
1239 1060 1307 1121 solli·
1337 1068 1341 1085 ¹

239 1151 315 1209 citus
337 1159 382 1208 est
401 1145 440 1206 de
461 1148 506 1222 iis,
527 1165 607 1226 quae
629 1142 863 1227 Domini'sunt,
904 1141 1073 1223 quomodo
1143 1143 1236 1204 laceat
1256 1147 1308 1204 Do·

239 1236 332 1294 mino.
375 1231 438 1307 Qui
455 1243 556 1292 autem
579 1249 649 1289 oum
668 1248 765 1288 uxore
782 1239 837 1304 est,
855 1224 1007 1288 sollicitus
1028 1240 1081 1287 est
1132 1231 1215 1305 ciis,
1245 1250 1307 1312 quae

240 1330 312 1378 sunt
340 1315 464 1393 mundi,
494 1313 649 1396 quomodo
682 1313 801 1395 placeat
834 1312 940 1386 uxori,
977 1322 1010 1370 et
1040 1312 1167 1374 divisus
1191 1325 1242 1375 est.
1278 1313 1309 1372 Et

240 1402 350 1463 mulier
373 1402 516 1482 innupte,
532 1410 562 1458 et
585 1399 672 1480 virgo
695 1396 820 1480 cogitat,
841 1416 919 1476 quae
937 1396 1071 1456 Domini
1093 1411 1179 1474 sunt,
1197 1410 1230 1459 ut
1256 1396 1309 1482 pla·

240 1498 309 1559 seat
325 1487 471 1560 Domino,
494 1494 531 1542 ut
546 1494 587 1541 sit
608 1492 710 1541 sancta
731 1491 765 1539 et
782 1499 916 1563 corpore
938 1491 969 1539 et
992 1483 1142 1562 spiritu:
1176 1503 1249 1565 quae
1263 1504 1308 1542 aa·

239 1583 302 1630 tem
323 1582 421 1651 nupta
446 1578 501 1643 est,
525 1568 646 1649 cogitat,
671 1584 749 1646 quae
765 1575 837 1622 sunt
857 1562 982 1639 mundi,
1006 1566 1177 1645 quomodo
1209 1566 1309 1650 placeat

242 1657 320 1715 riro.
363 1653 465 1713 Porro
486 1650 548 1712 hoc
562 1651 601 1711 ad
622 1649 782 1710 utilitatem
794 1661 923 1707 vestram
935 1648 1022 1725 dico,
1044 1671 1114 1712 non
1127 1663 1164 1712 ut
1186 1651 1306 1733 laqueari

185 1730 189 1741 ’
240 1739 331 1800 robis
351 1739 497 1819 injiciam,
520 1735 573 1796 sed
595 1733 635 1796 ad
657 1733 707 1810 id,
728 1732 815 1815 quod
837 1732 1003 1793 honestum
1025 1748 1090 1812 est,
1113 1747 1146 1797 et
1168 1736 1251 1818 quod
1270 1735 1284 1794 f
1293 1766 1305 1781 ·

243 1824 385 1883 cultatem
415 1818 561 1903 praebeat
583 1820 647 1878 sine
672 1816 892 1900 impedimento
915 1818 1091 1878 Dominum
1114 1819 1304 1883 obsecrandit
1339 1872 1343 1881 .

242 1907 347 1966 Palam
368 1907 463 1985 igitur
485 1907 516 1962 in
539 1903 585 1962 his
607 1923 748 1976 causam,
770 1921 827 1960 cur
851 1921 869 1961 a
891 1905 1013 1982 nuptiis
1034 1905 1076 1962 sit
1095 1904 1308 1979 abstinendum,

244 1991 404 2068 proponit,
430 1985 484 2045 ubi
507 1998 679 2067 temporum
712 2006 875 2066 rerumque
902 1989 1090 2048 extrinsecus
1109 1990 1310 2071 ingruentium

92 2118 95 2128 .
245 2070 443 2129 stoliditatem
466 2069 682 2150 reprehendit,
706 2068 947 2148 quorumnihil
972 2072 1076 2152 priscis
1099 2070 1162 2129 illis
1181 2071 1305 2129 accide-

69 2154 308 2226 r.‚a.,·,qu·bat.
349 2151 399 2213 lid
420 2150 497 2212 haec
516 2154 605 2213 tertia
627 2172 691 2233 quo
716 2171 755 2211 ue
783 2153 864 2212 ratio
886 2153 1007 2237 adjungi
1027 2164 1140 2236 potest,
1171 2164 1299 2234 propter

70 2226 339 2328 {fff‘⁰³⁰¹‘⁸‘quam
358 2247 475 2298 veteres
504 2235 550 2298 illi
578 2237 637 2296 Dei
668 2172 819 2312 olitores,
842 2237 874 2294 in
904 2235 1110 2318 procreatione
1138 2233 1298 2296 liberorum

244 2323 412 2409 plurimum
424 2320 518 2382 studii
534 2319 731 2393 collocarent·
751 2319 854 2396 Quum
867 2321 983 2403 reliqui
1000 2320 1129 2382 bomines
1142 2322 1176 2380 in
1185 2341 1305 2381 morum

244 2408 443 2491 perversitate
468 2407 565 2466 maius
586 2407 685 2466 indies
704 2403 921 2466 incrementum
945 2408 1145 2490 accepissent,
1168 2417 1259 2487 atque
1276 2405 1307 2465 in

245 2493 402 2551 immanem
428 2501 459 2550 et
487 2490 526 2550 ab
544 2492 628 2551 omni
644 2490 831 2551 humanitate
859 2488 989 2550 alienam
1025 2504 1057 2551 et
1076 2491 1165 2575 plane
1185 2491 1312 2550 lerinam

244 2577 337 2634 vitam
368 2575 477 2657 relapsi
501 2587 618 2651 essent,
651 2585 681 2633 et
701 2576 827 2656 impium
852 2595 981 2657 prorsus
1005 2578 1146 2657 omnique
1172 2574 1310 2658 religioni

246 2660 400 2719 inimicum
421 2679 553 2733 morem,
575 2658 664 2718 facile
687 2659 892 2719 corruissent:
926 2659 1018 2720 valde
1044 2662 1158 2742 pauci,
1178 2672 1208 2719 et
1228 2659 1309 2719 facile

244 2741 459 2817 numerabiles,
485 2744 540 2822 qui
565 2757 753 2823 supererant,
772 2758 806 2801 ea
826 2753 986 2820 sectantes
1010 2766 1097 2826 quae
1120 2744 1208 2828 prius
1226 2764 1244 2804 a
1262 2764 1307 2803 no-

245 2827 294 2886 bis
317 2826 498 2902 dictasunt,
520 2845 538 2885 a
561 2824 727 2885 multorum
746 2827 978 2904 consuetudine,
1001 2840 1033 2887 et
1047 2850 1068 2890 a
1087 2829 1241 2890 communi
1253 2848 1305 2888 cun

244 2909 372 2990 reliquis
393 2908 567 2970 hominibus
590 2910 672 2968 rictu
693 2931 725 2970 se
751 2911 938 2973 amovebant
991 2912 1106 2977 Porro
1134 2925 1303 2974 autemeam
1341 2942 1345 2961 ·

246 3014 383 3054 scorsum
407 2993 445 3053 ab
468 2992 532 3053 aliis
549 2993 710 3076 gentibus,
733 2994 942 3077 singularique
964 3017 1056 3058 more
1078 3000 1239 3076 viverent,
1262 3018 1300 3056 ra·
1337 3004 1342 3011 '

245 3099 313 3136 ram
335 3078 486 3158 quandam
503 3077 693 3160 reipublicae
705 3081 853 3139 rationem
874 3085 1029 3162 vitamque
1043 3084 1223 3144 studiosam
1235 3082 1299 3164 Sapi·
1343 3146 1345 3153 .

245 3164 353 3236 entiae,
366 3184 496 3243 vereque
508 3164 601 3247 ipsius
613 3162 686 3222 DEI
698 3161 866 3235 cultricem,
880 3176 910 3223 et
922 3165 1053 3246 reliquis
1069 3166 1252 3228 hominibus
1261 3169 1297 3224 in·

243 3247 441 3326 permiscuam
454 3248 657 3306 instituerunt
680 3247 819 3330 Utigitur
829 3251 958 3331 posteris
967 3270 1098 3332 quoque
1109 3252 1236 3313 illorum
1246 3271 1298 3335 pro·
1341 3291 1345 3315 ι

242 3330 327 3410 priac
340 3329 504 3412 religionis,
523 3342 666 3412 tauquam
676 3331 808 3391 scintilla
826 3332 975 3414 quaedam
985 3337 1160 3417 reparandi
1171 3341 1252 3422 ignis,
1270 3337 1299 3393 itr
1343 3364 1345 3373 ·

240 3412 371 3493 aliquod
384 3435 484 3472 semen
496 3427 680 3491 servaretur,
694 3436 795 3496 neque
815 3437 875 3476 una
888 3437 957 3477 cum
969 3421 1114 3500 ipsorum
1129 3422 1254 3482 decessu
1263 3423 1300 3501 ip-

242 3517 347 3556 sorum
360 3501 456 3579 pietas
470 3495 617 3560 deficeret
639 3511 731 3580 atque
753 3501 907 3576 interiret,
936 3504 1048 3563 merito
1063 3516 1095 3565 et
1128 3506 1300 3590 generandae

243 3592 273 3639 et
293 3580 416 3641 alendae
440 3581 556 3642 sobolis
577 3603 679 3643 curam
702 3583 913 3662 introduxere,
937 3599 971 3646 ut
994 3589 1042 3648 sio
1075 3590 1241 3654 Doctores
1263 3599 1300 3648 at-

243 3684 303 3744 que
325 3666 463 3749 Magistri
489 3669 688 3750 propriorum
703 3667 870 3728 liberorum
895 3673 1067 3748 existerent,
1095 3678 1223 3760 quippe
1259 3671 1298 3754 qui
1336 3730 1341 3751 ι

241 3751 370 3829 posteris
402 3771 591 3811 successores
616 3752 737 3834 pietatis
778 3756 980 3838 propriaeque
1008 3757 1142 3819 virtutis
1174 3756 1296 3821 haeredat

239 3831 422 3914 relinquere,
437 3834 601 3917 pulchrum
621 3847 714 3918 atque
734 3835 898 3899 honestum
909 3829 1100 3920 judicarent.
1149 3845 1232 3906 Hinc
1245 3859 1302 3903 saue

240 3914 412 4000 Prophetae
432 3919 667 3980 innumerabiles
699 3933 730 3982 et
759 3924 818 3982 riri
848 3925 947 4006 justi,
981 3926 1057 4004 quin
1087 3926 1165 4010 ipse
1197 3943 1307 4013 qnoque

238 3997 376 4064 Salvator
395 4023 431 4062 ao
451 4005 601 4064 Dominus
623 4018 745 4083 noster,
771 4010 900 4090 ejusque
925 4008 1068 4089 discipuli
1097 4025 1203 4096 atque
1231 4013 1309 4097 Apo·

234 4079 328 4174 ticli,
361 4087 400 4146 ab
422 4087 546 4150 illorum
574 4089 737 4172 disciplina
761 4093 891 4174 profecti
919 4104 998 4153 sunt.
1055 4093 1165 4170 Quod
1197 4101 1224 4159 si
1263 4094 1311 4178 qui
1342 4138 1346 4169 ,

233 4171 323 4259 etiam
349 4172 448 4231 vitiosi
474 4172 651 4235 ali-eisdem
669 4174 860 4256 prodierunt,
884 4178 972 4258 qnasi
993 4176 1106 4260 paleae
1133 4183 1230 4245 simul
1249 4202 1311 4243 cnm
1344 4178 1347 4251 l

231 4253 335 4314 illuct)
356 4251 582 4335 subnascentes,
603 4278 667 4319 non
685 4257 730 4321 ol)
747 4258 781 4319 ld
806 4270 905 4322 tamen
920 4259 1084 4344 culpandi,
1111 4270 1173 4351 qui
1199 4289 1310 4354 genue-
1343 4258 1347 4349 l
