2790 4792
260 276 339 349 100
473 234 1138 360 *n·iesa‘caaiiau‚ro“.

150 530 153 537 Ι
260 451 438 516 tantundem
470 446 526 509 sub
558 447 651 508 altera
680 446 782 528 specie
817 457 911 528 atque
937 447 995 506 sub
1016 445 1148 530 tetraque
1167 453 1322 512 contineri.

91 563 163 602 notus
176 551 251 643 uphri-
261 541 355 600 Totus
382 537 509 595 enimet
532 535 647 615 integer
669 531 809 591 Christus
828 530 886 591 suh
909 534 1108 613 panisspecie
1128 547 1159 594 et
1180 537 1239 595 sub
1252 559 1323 619 qua-

92 616 190 698 ffibss.
202 615 306 703 ,pilris
325 622 431 715 ipsius·
446 619 687 714 speeieinparte:
708 626 792 675 totns
811 617 884 674 item
905 615 961 674 sub
986 617 1048 675 vini
1071 620 1187 699 specie,
1219 633 1251 681 et
1268 621 1320 680 sub

92 715 174 800 ⁰125}
189 700 254 803 ξιξ,
264 707 332 788 ejus
352 702 494 786 partibus
514 712 636 760 exsistit.

87 776 243 894 dissiluerunt,¹
351 801 377 854 1.
398 787 431 867 Β
461 781 703 883 ΑΜΒΒΟὸΙΰξ
730 781 764 841 Is
793 781 834 844 V.
856 781 895 844 de
918 782 1048 873 Sacram,
1081 803 1106 841 c.
1125 798 1175 852 3.:
1206 786 1317 848 Venisti

88 861 305 965 aldlissfsstusd
323 872 432 945 altare,
454 880 596 959 accepisti
617 879 742 950 gratiam
759 865 883 927 Christi.
1013 888 1016 893 ·
1042 888 1046 897 ¹

88 956 255 1047 ‘lagg-,hm
347 970 377 1022 2.
419 950 646 1055 cremanus
668 949 708 1009 de
727 950 817 1031 lapsis
835 970 904 1009 eum
929 952 1081 1013 retulisset
1096 953 1246 1015 nonnulla
1268 958 1317 1014 mi·

88 1057 186 1143 {griffi
188 1061 252 1141 “ertit
264 1039 366 1103 nacula
398 1038 435 1096 de
469 1035 678 1134 Eucharistiae
718 1034 933 1112 Documento,
967 1039 1084 1118 inquit,
1112 1040 1204 1135 nnius
1224 1053 1315 1100 osten-

173 1144 178 1167 ·
263 1147 330 1186 suin
354 1134 421 1197 est,
443 1121 608 1180 Dominum
630 1118 795 1194 recedere,
828 1141 896 1179 cuni
915 1133 1061 1203 negatura
1082 1142 1138 1179 nec
1164 1144 1314 1183 immeren-

260 1210 345 1271 tibus
366 1206 404 1266 ad
419 1205 545 1265 salutem
560 1201 723 1286 prodesse,
742 1203 829 1283 qnod
845 1206 995 1280 sumitur,
1022 1205 1146 1285 quando
1165 1210 1262 1289 gratia
1273 1228 1313 1268 si·

260 1293 365 1355 lutaris
387 1292 417 1349 in
439 1292 592 1357 cinerem,
615 1288 771 1346 sanctitate
797 1287 948 1370 fugiente,
974 1301 1118 1348 mutetur.

340 1387 379 1442 3(
412 1368 886 1434 0R10ENESL.V111.eont.
910 1370 1048 1431 Celsum:
1082 1372 1164 1450 Nos,
1199 1377 1253 1456 qui
1272 1395 1311 1435 re·

257 1483 324 1522 rum
348 1460 492 1519 omnium·
506 1457 660 1517 conditori
683 1453 808 1536 placere
831 1455 1006 1531 studemus,
1036 1477 1104 1515 cuni
1125 1459 1270 1538 precibus
1284 1469 1309 1518 et

85 1545 424 1635 „wmfiffigratinrum
443 1562 503 1622 pro
526 1537 683 1599 beneficiis
701 1540 836 1621 acceptis
853 1542 970 1599 actione
992 1539 1113 1600 oblatos
1143 1563 1238 1624 panes
1255 1543 1309 1603 edi·

85 1632 341 1721 'essssffig'muss
363 1645 474 1706 corpus
493 1626 556 1703 jam
574 1642 630 1704 per
649 1625 855 1703 precationem
878 1623 975 1684 factos
997 1637 1133 1683 sanctum
1164 1629 1309 1709 quoddam

81 1692 145 1768 eu¹²
260 1723 290 1771 et
319 1706 529 1781 sanctificans,
573 1717 691 1764 utentes
727 1726 765 1766 eo
795 1727 864 1765 cuni
882 1728 956 1766 sano
979 1710 1155 1790 proposito.
1200 1712 1308 1771 lbiden

257 1805 383 1875 postea:
417 1792 492 1850 Hoc·
511 1808 648 1848 caremus
660 1830 669 1863 ,
703 1807 741 1847 ne
766 1791 876 1872 ingrati
912 1811 984 1872 erga
1006 1794 1104 1850 Deum
1140 1793 1307 1855 habeamur.

256 1874 409 1936 Habemus
440 1877 529 1932 ctiam
563 1872 630 1951 ejus
654 1873 820 1952 gratiarum
842 1874 970 1934 actionis
987 1875 1180 1955 symbolum,
1198 1901 1309 1963 panem,

252 1961 307 2042 qui
331 1957 524 2018 Eucharistia
549 1966 686 2014 vocatur.
1089 1977 1095 1986 ·

338 2055 367 2110 4.
410 2036 733 2101 CHRYSOSTOMUS
763 2037 844 2100 boin.
876 2054 927 2108 60.
958 2041 997 2102 ad
1022 2063 1097 2124 pop.
1116 2039 1260 2124 Antjoch.
1279 2057 1308 2106 et

91 2141 226 2195 tsi-seina
253 2140 303 2196 83.
324 2127 355 2186 in
374 2124 510 2186 Mattha.
526 2121 691 2183 Credamus
711 2123 829 2205 ubique
849 2124 933 2201 Deo,
966 2148 1022 2185 nec
1042 2142 1249 2210 repugnemus
1271 2131 1306 2205 ei,

77 2191 242 2284 mgnum
253 2213 342 2273 etiam
363 2210 387 2269 si
404 2208 506 2271 sensui
540 2220 570 2268 et
588 2208 766 2290 cogitationi
793 2221 916 2270 nostrae
941 2209 1108 2269 absurdum
1128 2233 1192 2272 esse
1209 2215 1308 2275 videa·

248 2310 323 2372 tur,
359 2294 444 2377 quod
471 2293 559 2354 dicit:
593 2305 719 2374 superet
748 2304 778 2351 et
811 2314 932 2354 sensum
962 2306 991 2352 et
1012 2310 1161 2355 rationem
1176 2312 1307 2360 nostran

248 2401 347 2441 serino
382 2381 497 2463 ipsius:
532 2376 616 2460 quod
644 2377 675 2435 in
695 2376 836 2438 omuibus
865 2390 896 2438 et
916 2380 1081 2460 praecipue
1104 2382 1136 2438 in
1161 2386 1306 2457 mysteriis

248 2463 413 2535 faciamus,
452 2483 514 2521 non
537 2462 603 2534 illa,
631 2482 707 2540 quae
724 2474 794 2520 ante
820 2483 874 2521 nos
894 2464 1009 2543 jacent,
1040 2463 1237 2527 solummodo
1257 2469 1309 2528 ad·

90 2549 424 2640 g„„,1;,;„,spicieutes,
459 2545 512 2605 sed
538 2545 633 2604 verba
669 2565 795 2625 quoque
819 2547 887 2626 ejus
908 2559 1052 2606 tenentes.
1109 2549 1186 2609 Nam
1211 2551 1307 2614 verbis

77 2631 317 2708 “⁸¹¹¹⁰⁸³'¹”·ejus
335 2627 512 2688 defraudari
531 2648 594 2686 non
615 2648 798 2709 possumus,
828 2651 932 2690 sensus
959 2650 1031 2689 vero
1054 2644 1160 2692 noster
1178 2636 1309 2721 deceptu

92 2679 410 2771 ,illidii-facillimus
433 2722 495 2770 est:
516 2710 567 2770 illa
588 2711 664 2769 falsa
685 2731 748 2770 esse
763 2733 825 2773 uon
837 2727 988 2796 possunt,
1010 2713 1061 2773 hic
1085 2720 1207 2800 saepius
1221 2733 1307 2803 atque

75 2772 239 2877 l’ffiffffiss,
248 2796 367 2877 saepius
394 2792 530 2853 fallitur:
565 2795 709 2874 quoniam
731 2817 802 2878 ergo
834 2798 885 2857 illc
915 2799 1008 2857 dixit:
1042 2799 1110 2859 Hoc
1133 2815 1179 2863 est
1199 2826 1308 2889 corpus

76 2872 117 2910 ⁸¹⁸¹·
247 2899 367 2957 meum,
397 2877 480 2936 nulla
502 2890 658 2937 teneamur
672 2878 883 2963 ambiguitate,
905 2882 958 2940 sed
980 2883 1158 2962 credamus,
1181 2899 1214 2948 et
1232 2910 1307 2950 ocu-

246 2964 283 3024 lis
302 2962 472 3024 intellectus
500 2960 532 3021 id
556 2963 783 3043 perspiciamus.
831 2963 916 3023 Nihil
954 2969 1031 3024 enini
1052 2969 1199 3030 sensibile
1211 2974 1306 3035 undi-

246 3061 312 3110 tuin
333 3046 457 3120 pobisa
476 3044 616 3120 Christo,
642 3047 699 3106 sed
715 3047 808 3106 rebus
831 3048 954 3130 quidem
973 3051 1185 3113 sensibilibus:
1207 3060 1304 3119 omnis

74 3152 336 3212 mahometem,
369 3152 448 3214 quae
474 3129 641 3203 tradidit,-·
653 3130 836 3196 insensibilia
856 3144 936 3193 sunt.
979 3133 1029 3194 Sic
1051 3149 1081 3195 et
1100 3137 1131 3195 in
1149 3136 1302 3222 baptismo

71 3213 301 3310 munaster-
322 3236 431 3298 aquam
443 3257 453 3291 ,
483 3234 560 3296 quae
580 3224 629 3274 res
652 3215 802 3275 sensibilis
832 3228 895 3293 est,
920 3217 1033 3276 donum
1053 3219 1131 3280 illud
1155 3226 1303 3287 concedi·

58 3307 203 3407 {pom
243 3312 315 3360 tur:
348 3299 435 3381 quod
463 3311 562 3359 autem
588 3300 620 3357 in
640 3321 682 3360 ea
697 3297 879 3377 coniicitur,
905 3306 1101 3383 regeneratio
1128 3307 1247 3370 scilieet
1268 3330 1301 3371 ac

72 3404 138 3495 i⁰d0
208 3366 414 3457 Οἰ’ωιονιῑῑίο,
444 3381 635 3465 intelligibile
652 3383 797 3466 quiddam
816 3398 876 3446 est:
907 3388 1020 3444 namsi
1042 3399 1076 3446 tu
1101 3388 1301 3477 incorporent

69 3478 112 3548 2'4·
139 3461 210 3506 stt,
243 3488 338 3544 esses,
366 3465 448 3527 nude
481 3470 546 3549 ipsa
571 3467 652 3526 dona
675 3469 857 3550 incorporea
869 3468 1042 3530 tradidisset
1065 3471 1134 3533 tibi:
1158 3478 1298 3557 quoniam

241 3572 314 3611 vero
328 3551 456 3631 ¹stupori
477 3550 643 3629 conjuncta
663 3556 915 3627 mammatae,
943 3574 974 3610 in
997 3556 1193 3619 sensibilibus
1212 3562 1296 3623 intel-

17 3656 22 3665 .
67 3630 358 3729 ,mmmcmligenda
385 3632 445 3692 tibi
477 3633 649 3732 uaduntura
694 3635 723 3697 Ο
751 3649 828 3718 quot
844 3637 937 3695 modo
955 3638 1078 3714 dicunt,
1102 3643 1211 3705 vellem
1231 3646 1295 3706 for·

25 3776 27 3787 ¹
66 3719 152 3809 {w
168 3735 229 3766 een·
238 3738 317 3777 mam
345 3728 378 3778 et
403 3734 534 3798 speciem
560 3738 645 3798 ejus,
672 3720 777 3779 vellem
797 3722 970 3780 vestimenta
991 3720 1078 3803 ipsa',
1110 3727 1222 3790 vellem
1234 3728 1293 3791 cal·

238 3815 390 3863 ceameuta
407 3801 519 3862 videre.
562 3803 666 3884 Ipsum
688 3807 780 3888 igitur
804 3803 902 3879 vides,
923 3805 1022 3885 ipsum
1043 3811 1160 3890 tangis,
1198 3817 1291 3897 ipsum

236 3887 377 3961 comedis,
428 3887 615 3949 Vestimenta
643 3893 710 3968 ejus
733 3887 887 3947 desideras
916 3889 1037 3966 videre,
1078 3893 1142 3974 ipse
1170 3919 1242 3959 veru
1260 3919 1289 3957 se

79 4010 109 4029 .,
138 4022 143 4031 ,
166 4016 183 4031 ,,
233 3971 333 4051 ipsum
358 3968 416 4028 tibi
446 3970 560 4043 tradit,
598 3993 660 4032 uon
686 3983 721 4030 ut
748 3971 850 4031 rideas
870 3970 985 4049 solum,
1014 3997 1121 4037 rerum
1141 3983 1290 4057 etiam,ut

230 4066 333 4136 tangas
350 4066 380 4113 et
401 4055 439 4112 in.
464 4065 493 4112 te
514 4052 635 4114 habeas.
660 4056 721 4115 -Et
749 4055 842 4136 paulo
861 4068 951 4136 poste
984 4059 1144 4122 Veniatia
1160 4080 1284 4127 mentem

226 4136 306 4215 tibi,
336 4158 407 4221 quo·
424 4139 465 4199 sis
497 4136 617 4212 honore
638 4139 824 4219 honoratus,
842 4203 847 4227 ,
866 4160 927 4224 qua
962 4163 1064 4207 mense
1080 4145 1208 4227 fruaris.
1246 4148 1286 4211 Et
1341 4150 1345 4186 l
