2790 4792
376 302 876 389 uerutuoure·
1037 258 1145 398 μθ

12 512 27 561 t
70 507 152 585 enlm
170 515 202 573 et
220 501 359 567 Domino
383 495 573 585 placebunt,
602 506 634 559 et
650 492 734 560 lilios
756 510 821 557 noo
840 498 987 584 spurios⁰‚
1019 494 1074 566 sed
1095 504 1142 569 le·

10 590 27 645 i
69 596 196 681 gitimoa
229 595 324 671 atque
351 583 589 651 haereditabiles
603 580 808 724 fpenerabuut.
859 586 1061 670 Quapropter
1080 588 1141 653 filii

24 693 29 753 ῑ
68 677 221 741 carissimi
235 685 267 737 et
292 672 398 735 merito
419 668 573 742 illustres,
628 665 667 725 de
686 662 839 726 catholice
861 668 1066 757 suffragante,
1093 676 1139 739 ite

10 778 30 815 fl
67 773 216 850 peracte,
235 755 365 841 legitima
378 755 492 815 scitote
516 770 581 810 esse
605 750 773 812 connubia.
1086 766 1089 771 ·
1211 812 1221 828 .

158 860 200 914 2„
229 838 454 903 CONGILIUM
474 832 691 894 Tridentium
720 837 754 896 in
776 831 915 895 decreto·
932 834 971 897 de
990 841 1140 905 reforma·

71 930 160 993 tione
189 926 372 988 matrimonii
409 939 477 1000 cap.
502 930 551 984 ta
593 917 725 981 Tametsi
755 916 960 980 dubitandum
985 943 1049 984 non
1084 939 1139 1004 est,

71 1013 259 1075 clandestina
284 1003 502 1078 matrimonia,
524 1001 625 1063 libero
651 1001 895 1065 contrahentium
912 1024 1062 1068 consensu
1074 1010 1141 1085 fac·
1152 1007 1283 1098 ,fflfflffi’

27 1164 33 1169 ,
70 1109 120 1172 ta,
152 1108 217 1157 rata
238 1107 269 1157 et
289 1112 363 1154 vera
382 1107 446 1147 esse
471 1087 677 1165 matrimonia,
702 1089 853 1172 quamdiu
879 1088 1017 1151 Ecclesia
1039 1113 1075 1153 ea
1097 1095 1142 1153 ir·
1153 1073 1317 1167 deslidafvssii

68 1184 130 1245 rita
166 1201 230 1242 non
268 1178 360 1237 fenita
400 1181 431 1231 et
459 1169 593 1253 proinde
623 1173 697 1254 jure
733 1172 895 1234 damnandi
932 1187 1003 1236 suut
1022 1175 1089 1255 illi,
1113 1162 1307 1240 etmu¹¹¹¹¹⁰¹¹¹⁸⁴

63 1248 125 1328 0eos
150 1275 256 1327 sancta
280 1255 425 1335 synodus
455 1253 646 1316 anathemate
679 1256 821 1335 damnat,
853 1260 908 1338 qui
942 1279 978 1320 ea
998 1281 1069 1321 vera
1108 1282 1144 1323 ac

70 1361 140 1413 rata
168 1368 233 1409 esse
251 1353 382 1426 negant,
404 1340 518 1421 quique
542 1338 621 1400 falso
642 1340 811 1419 affirmant,
842 1343 1034 1404 matrimonia
1068 1344 1145 1406 afi-

70 1432 122 1497 liis
140 1430 271 1493 iamilias
292 1428 357 1486 sine
384 1442 537 1483 consensu
559 1437 725 1506 parentum
745 1435 925 1503 contrecta,
957 1430 1046 1489 irrita
1068 1451 1144 1507 esse,
1182 1489 1184 1494 .

54 1529 106 1591 ⁸et
152 1524 270 1579 arentes
291 1531 325 1571 ea
342 1521 408 1569 rata
430 1506 479 1568 vel
495 1508 584 1568 irrita
600 1508 700 1571 facere
711 1530 817 1592 possea
840 1509 1038 1573 nihilominus
1053 1533 1145 1574 sanc·

71 1612 106 1664 ta
129 1538 273 1660 Ecclesia·
300 1615 335 1654 ex
365 1593 540 1676 justissimis
566 1594 665 1652 causis
700 1593 753 1653 illa
785 1614 906 1677 semper
927 1596 1074 1657 detestata
1099 1608 1146 1659 est

72 1697 169 1765 atque
200 1677 370 1763 prohibuit.
412 1676 529 1737 Verum
558 1696 627 1735 cnm
645 1690 750 1738 sancta
778 1676 924 1755 Synodus
955 1682 1147 1751 animadver-

73 1780 142 1842 tat,
163 1762 392 1849 prohibitiones
426 1760 493 1820 illas
505 1759 813 1843 propter-hominum
833 1755 1073 1827 inobedientiam
1082 1770 1147 1850 jam

73 1872 140 1914 non
157 1848 323 1931 prodesse:
345 1859 377 1907 et
393 1846 495 1927 gravia
516 1857 643 1926 peccata
662 1846 850 1929 perpendat,
879 1869 956 1931 quac
976 1871 1011 1909 ex
1032 1853 1146 1913 eisdem

75 1934 273 1995 clandestinis
312 1930 466 2012 conjugiis
497 1940 600 1989 ortum
631 1928 759 1991 habent:
789 1935 969 2014 praesertim
989 1955 1064 1996 vero
1090 1958 1145 1996 eo-

72 2039 163 2094 rum,
198 2017 253 2097 qui
280 2017 314 2076 in
350 2027 434 2074 statu
472 2012 674 2073 damnationis
704 2026 899 2097 permanent,
936 2017 1010 2079 dum
1036 2023 1145 2104 priore

72 2122 195 2176 uxore,
225 2120 294 2158 cum
316 2118 379 2180 qua
397 2095 474 2156 clam
495 2108 728 2176 contraxerant,
762 2099 888 2177 relicta,
911 2123 981 2162 cum
1003 2102 1061 2164 alia
1085 2125 1145 2188 pa·

16 2182 25 2189 “
73 2185 137 2251 lam
168 2181 371 2259 contrahunt,
398 2191 429 2241 et
461 2200 530 2240 eum
563 2201 599 2241 ea
617 2183 649 2241 in
679 2195 832 2265 perpetuo
853 2184 1009 2245 adulterio
1027 2189 1143 2246 vivunt.

77 2272 136 2333 cni
165 2267 246 2330 melo
274 2289 344 2328 cnm
368 2264 407 2326 ab
430 2264 585 2340 Ecclesia,
611 2285 692 2345 quac
714 2266 753 2325 de
778 2264 907 2325 occultis
926 2288 991 2326 non
1012 2269 1145 2348 judicat,
1155 2258 1210 2312 ⁰³¹²·
1225 2263 1266 2309 ⁵¹·

80 2354 217 2415 mccnrri
244 2374 309 2415 non
324 2351 442 2434 possit,
463 2350 522 2408 nisi
541 2347 691 2407 efficacius
709 2347 838 2428 aliquod
861 2349 1027 2409 remedium
1054 2351 1147 2411 adhi-

79 2437 203 2501 beatura
237 2439 356 2499 idcirco
390 2433 468 2492 sacri
494 2431 706 2489 Lateranensis
732 2431 855 2489 concilii
880 2431 939 2490 sub
964 2433 1146 2496 Innocentio
1158 2429 1307 2519 ffl'ssfflfl·

76 2523 171 2587 tertio
204 2520 351 2583 celebrati
369 2515 502 2595 vestigiis
527 2511 715 2572 inhaerendo
735 2515 902 2597 praecipit,
937 2517 1021 2577 utin
1041 2488 1312 2604 poste-terifdetddd:

77 2629 165 2684 rum,
198 2618 363 2685 antequam
390 2597 615 2656 matrimonium
647 2595 849 2658 contrahatur
861 2643 871 2676 ,
901 2610 949 2661 ter
974 2579 1349 2687 aproprioiiiiill'fflm·

77 2688 330 2755 contrahentium
359 2677 497 2764 parocho
530 2678 629 2740 tribus
652 2683 806 2743 continuis
838 2682 947 2747 diebus
976 2686 1091 2749 festivis
1114 2691 1146 2750 in

76 2775 220 2841 Ecclesia
241 2774 322 2830 inter
340 2768 501 2827 Missarum
531 2764 678 2826 solemnia
700 2765 827 2851 publice
851 2769 1071 2850 denuntietur,
1103 2774 1152 2834 in·

75 2872 128 2924 ter
150 2877 229 2939 quos
251 2850 477 2913 matrimonium
504 2849 828 2914 sitcontrahendums
851 2854 963 2936 quibus
988 2857 1153 2919 denuntia-

77 2942 219 3007 tionibus
238 2938 342 3013 factis,
380 2937 406 2994 si
421 2933 540 2996 nullum
560 2935 727 3020 legitimum
753 2951 927 3021 opponatur
948 2942 1151 3025 impedimen.

78 3041 164 3100 tum,
192 3022 233 3083 ad
253 3020 491 3084 celebrationem
516 3023 702 3081 matrimonii
726 3023 758 3082 in
780 3024 858 3082 facie
894 3024 1050 3087 Ecclesiae
1071 3046 1151 3112 pro-

10 3134 12 3139 ·
80 3109 231 3173 cedatura
253 3107 314 3167 Ubi
336 3102 492 3188 parochus
509 3109 578 3166 viro
602 3118 633 3168 et
652 3105 781 3167 muliere
804 3108 1021 3192 interrogatis,
1042 3123 1072 3172 et
1094 3132 1150 3170 eo·
1189 3102 1289 3145 ΡΜ

79 3215 153 3259 rum
170 3204 277 3253 mutuo
293 3209 444 3251 consensu
463 3189 639 3268 intellecto,
669 3189 717 3251 vel
741 3188 843 3252 dicat:
873 3192 941 3275 Ego
954 3215 1009 3254 vos
1028 3201 1060 3255 in
1083 3161 1307 3261 mastdffifffiih'.

80 3278 259 3347 mimonium
288 3277 446 3358 conjungo
473 3276 505 3335 in
538 3277 659 3336 nomine
678 3275 778 3337 Patris
802 3287 831 3337 et
853 3276 923 3336 Filii
952 3291 982 3339 et
1015 3278 1149 3362 Spiritus
1159 3264 1304 3356 ssisshhtdd'
1305 3272 1315 3286 ”

82 3365 198 3427 sanctia
219 3360 268 3423 vel
292 3359 357 3421 aliis
375 3370 481 3421 utatur
497 3360 609 3436 verbis,
629 3362 717 3442 juxta
736 3372 893 3443 receptum
906 3364 1152 3447 uniuscujusque

82 3450 262 3537 provinciae
282 3447 384 3505 ritum.
427 3444 524 3522 Quod
546 3448 574 3505 si
595 3444 761 3528 aliquando
775 3443 948 3521 probabilis
982 3448 1078 3509 fuerit
1098 3470 1153 3510 sn-

84 3535 205 3619 splcio,
238 3530 464 3592 matrimonium
484 3529 633 3591 malitiose
654 3526 797 3613 impediri
816 3551 923 3615 posse,
949 3533 975 3591 si
993 3544 1043 3592 tot
1059 3554 1153 3615 prae-

10 3636 18 3675 :
85 3620 235 3680 cesserint
258 3614 522 3691 denuntiationes,
559 3625 634 3675 tunc
665 3615 719 3675 vel·
738 3634 798 3674 uua
820 3627 938 3675 tantum
960 3614 1153 3678 denuntiatio

10 3726 19 3761 s
85 3700 165 3782 fiat,
204 3699 254 3762 uel
284 3698 390 3760 saltem
419 3696 583 3782 parocho,
615 3710 648 3759 et
676 3697 799 3759 duobus
819 3699 866 3760 vel
894 3698 994 3760 tribus
1023 3701 1155 3762 testibus

86 3785 301 3871 praesentibus
333 3785 559 3844 matrimonium
587 3782 781 3843 celebretur:
826 3784 946 3845 Deinde
977 3792 1047 3846 ante
1073 3785 1157 3846 illius

10 3898 19 3929 r
88 3867 634 3933 consummationem-denuntiationes
642 3869 674 3926 in
685 3866 821 3928 Ecclesia
834 3866 911 3929 fiant
917 3913 927 3945 ,
944 3879 990 3945 ut,
1012 3870 1038 3930 si
1055 3870 1159 3951 aliqua

87 3954 222 4018 subsunt
256 3955 494 4038 impedimenta,
527 3952 649 4013 facilius
679 3951 874 4035 detegantur:
907 3954 966 4012 nisi
985 3952 1158 4014 ordinarius

10 4064 14 4083 ··
87 4042 158 4125 ipse
183 4036 327 4124 expedire
352 4036 557 4122 judicaverit,
581 4048 617 4097 ut
638 4035 815 4121 praedictae
836 4036 1080 4099 denuntiationes
1107 4058 1160 4098 re·

12 4138 17 4145 '
86 4126 273 4189 mittanture
308 4124 409 4207 quod'
427 4123 512 4187 illius
531 4122 713 4207 prudentiae
737 4131 768 4181 et
787 4120 909 4205 jndicio
932 4135 1035 4184 sancta
1055 4122 1176 4201 Syuo·¹
1297 4183 1303 4195 ,

10 4240 21 4259 ·
87 4208 149 4277 dns
170 4208 336 4291 relinquite
368 4210 444 4290 ¹Qui
466 4206 558 4272 aliter
571 4218 669 4292 'quam
688 4216 847 4292 praesente
866 4206 1007 4293 parocho
1030 4208 1078 4285 uel
1098 4184 1335 4279 abodliilill?

142 4335 290 4384 cantune.
305 4334 337 4379 u.
741 4406 744 4411 Ι
886 4332 933 4398 ⁹9
