2790 4792
311 306 863 412 e-oaa-rraarrau
1034 311 1138 387 aaa

53 534 114 599 pro
134 509 263 572 mortuis
284 498 466 568 oblationem
486 521 551 563 non
571 496 727 583 oportere,
748 492 805 563 neo
825 492 1122 560 mamea-solenniter·

55 595 243 660 celebranda
262 613 325 654 esse
339 590 457 650 ieimria.
889 644 892 649 ,
961 614 988 633 ›.
1015 626 1031 633 --
1055 626 1058 631 -
1300 612 1303 619 ·

142 694 174 748 5,
216 669 486 740 DAMASCENUS
509 670 542 729 in
572 667 654 728 libro
685 665 724 727 de
755 663 1007 745 haeresibus,'dc
1027 664 1121 727 Atrio

56 765 196 827 scribens
222 764 265 824 sic
291 761 409 843 inquitz,
447 757 586 835 Cumque
609 753 670 813 sibi
694 751 913 833 Episcopatum
930 742 1165 835 depegatum'
1207 743 1223 818 ᾗ
1259 742 1262 747 ’
1293 740 1297 747 ’

56 850 187 926 videret,
205 846 306 908 multa-
321 855 432 907 contra
453 837 621 899 Ecclesiam
641 836 754 897 docere
779 834 1124 914 instituitdrianorum

57 932 139 995 nulli
167 930 322 993 secundus.
377 926 500 987 Adiecit
528 933 630 983 autem
652 918 802 1003 quaedam
825 919 864 980 de
903 941 972 983 suo.
1027 918 1124 1001 Negat

57 1020 137 1080 enim
160 1016 325 1099 quidquam
347 1007 537 1073 offerendum
558 1026 624 1088 pro.
641 1007 781 1081 mortuis.
918 1009 920 1013 ’
1020 1054 1023 1059 .

140 1115 169 1170 1.
212 1095 440 1161 CONCILIUM
459 1091 670 1151 Tridentinum
703 1090 836 1150 sessione
862 1099 962 1165 sexta,
989 1100 1021 1149 et
1041 1091 1126 1171 vige-

54 1187 131 1248 sima
153 1184 271 1269 quinta,
293 1191 329 1240 ut
350 1198 443 1261 supra
464 1177 495 1235 in
516 1173 574 1257 bac
592 1176 780 1256 quaestione,
800 1175 834 1234 C.
860 1186 889 1241 8.
912 1184 941 1241 9.
959 1170 969 1253 J

56 1334 59 1339 ,
139 1283 169 1336 5.
206 1260 513 1333 FLORENTINUM
530 1259 599 1319 vide
619 1258 742 1318 ibidem.
765 1257 799 1320 C
818 1272 847 1326 7-
895 1320 901 1335 ,

139 1367 170 1421 6.
212 1346 483 1415 AUGUSTINUM
509 1345 540 1403 in
562 1343 718 1405 Psalmum
740 1354 802 1419 57,
819 1340 888 1402 vide
907 1338 999 1427 supra'
1017 1343 1049 1402 in
1069 1340 1128 1402 hac

54 1438 246 1521 quaestione.
289 1433 322 1492 B.
339 1443 369 1499 ὅ·
542 1465 545 1471 =
948 1502 950 1507 ,
1044 1438 1047 1443 '
1120 1422 1136 1487 Ι.

139 1534 168 1588 7.
211 1516 321 1578 IDEM
341 1513 530 1596 Augustinus
551 1509 605 1570 lib.
627 1510 669 1570 Il.
693 1508 731 1571 de
748 1510 876 1587 Genesi,
900 1522 1009 1589 contra
1028 1512 1130 1570 Mani·
1209 1518 1214 1525 '

56 1607 194 1679 chaeos,
227 1597 324 1681 capite
353 1612 422 1665 w:
465 1597 529 1672 Qui
558 1595 690 1654 coluerit
711 1617 816 1678 agrurn
836 1616 925 1654 suum
942 1597 1080 1670 interius,
1099 1598 1130 1654 et

56 1691 98 1750 ad
119 1706 229 1771 panem
251 1684 339 1742 suum
354 1681 498 1762 'quamvis
520 1700 589 1739 eum
611 1679 717 1739 labore
732 1683 919 1763 pervenerit,
940 1680 1047 1762 'potest
1074 1669 1145 1738 us?

56 1793 120 1855 que
144 1769 184 1827 ad
202 1765 294 1828 finem
315 1769 394 1825 vitae
414 1762 509 1845 hujus
529 1763 614 1824 bunc
634 1763 771 1823 laborem
782 1767 862 1847 pati:
884 1776 956 1846 post
974 1764 1053 1823 hanc
1071 1784 1129 1827 aue

55 1870 121 1919 tem
143 1850 233 1912 uitam
251 1850 564 1925 nonestneces'se,1it
585 1849 728 1930 patiatur.
770 1849 899 1930 Sedqui
924 1848 1005 1907 forte
1020 1868 1128 1930 agrum

56 1959 121 1999 non
144 1937 294 2010 coluerit,
316 1934 359 1994 'et
380 1934 473 2017 spinis
506 1953 575 1991 eum
603 1933 739 2016 opprimi
769 1935 960 2014 permiserit,
981 1931 1075 1992 habet
1094 1935 1199 2008 inane.
1221 1969 1302 2011 purga.

54 2023 116 2083 bac
138 2021 198 2079 vita
211 2016 450 2078 maledictionem
473 2027 574 2075 terrae
594 2035 666 2076 suae
681 2017 713 2075 in
737 2017 876 2078 omnibus
889 2015 1036 2101 operibus
1052 2019 1124 2095 suis,
1134 2007 1215 2099 ἓξὲξ·
1236 2063 1249 2101 ὃ
1269 2028 1293 2103 1',
1337 2030 1340 2039 ·

54 2117 88 2166 ct
112 2116 183 2187 post
206 2103 396 2177 hancvitam
407 2099 535 2159 babebit
554 2099 602 2158 vel
624 2102 724 2185 iguem
745 2103 959 2186 purgationis,
980 2101 1029 2162 vel
1047 2122 1125 2184 poe·
1214 2084 1221 2098 ’
1251 2083 1259 2106 ’
1293 2083 1302 2098 ⁰

54 2210 126 2250 nam
150 2188 308 2248 aeternam.
350 2185 398 2247 Ita
419 2204 506 2244 nemo
521 2184 622 2245 evadit
642 2189 728 2246 istam
742 2191 931 2261 sententiam,
952 2205 1030 2266 qnae
1048 2176 1127 2268 pro-

56 2274 119 2334 lata
155 2284 201 2331 est
224 2273 255 2330 in
280 2264 430 2330 Adamum
442 2313 451 2345 ,
475 2268 650 2328 Maledicta
668 2281 750 2328 terra
780 2282 839 2330 etc.
882 2268 944 2327 Sed
976 2270 1128 2349 agendum

59 2368 113 2433 est,
133 2368 171 2415 ut
190 2354 294 2416 saltem
308 2358 340 2415 in
360 2353 417 2413 hac
437 2364 557 2417 tantum
575 2352 638 2409 vita
659 2354 817 2411 sentiatur.
940 2355 942 2359 ’
1025 2356 1028 2360 ’

140 2452 169 2507 8.
220 2432 459 2498 GREGORIUS
492 2438 524 2494 in
543 2436 668 2492 tertium
696 2434 845 2516 psalmum
873 2433 1127 2515 poenitentialem,

55 2544 151 2608 super
166 2524 299 2608 primum
327 2527 465 2580 ie'rsum:
516 2518 659 2593 Domine,
677 2537 715 2576 ne
742 2519 774 2576 in
803 2517 908 2576 furore
939 2527 994 2576 tuo
1018 2538 1126 2600 arguas
1298 2578 1301 2585 ,

54 2630 115 2684 me,
140 2629 241 2690 neque
267 2608 298 2665 in
318 2607 363 2664 ira
382 2608 434 2662 tua
454 2602 604 2682 corripias
624 2622 680 2660 me.
723 2601 819 2677 Quasi
838 2601 939 2660 dic'atz
982 2602 1053 2662 Seio
1076 2597 1305 2689 iu-}{“¹·r.¹·³⁷·¹.·

54 2704 163 2753 turum
185 2712 258 2765 esse,
283 2703 319 2748 ut
339 2699 409 2770 post
430 2685 524 2764 liujus
545 2685 624 2744 vitae
646 2686 756 2746 exitum
778 2685 828 2746 alii
858 2684 985 2746 flammis
1005 2660 1306 2771 expieneeaidiil'lilss

54 2789 109 2836 tur
128 2773 328 2858 purgatoriis,
347 2771 398 2830 alii
411 2770 586 2828 sententiam
606 2781 743 2831 aeternae
766 2770 893 2831 subeant
913 2748 1195 2849 damnationisllll
1216 2760 1305 2800 ⁰¹⁹¹⁸¹¹'

53 2858 119 2920 Sed
142 2860 214 2940 quia
241 2855 325 2914 illum
349 2854 557 2913 transitorium
589 2854 688 2938 ignem
717 2859 800 2918 omni
828 2855 1026 2917 tribulatione
1060 2847 1264 2948 aes-,ffggffi

37 2946 135 3004 ¹timo
176 2941 308 2998 raesenti
333 2936 616 3016 intolerabiliorem,
637 2960 701 3000 non
723 2943 822 3002 solum
846 2942 877 2999 in
903 2941 1009 3001 furore
1028 2945 1275 3002 aeter-turenci-

55 3046 117 3086 nae
145 2962 345 3085 damnationis
377 3034 450 3105 opto
473 3032 538 3082 non
566 3026 669 3108 argui,
704 3027 758 3087 sed
781 3028 870 3086 etiam
902 3027 934 3085 in
956 3027 1003 3085 ira
1025 3037 1127 3086 trans·
1156 3092 1157 3097 .

57 3110 161 3168 euntis
181 3109 272 3168 timeo
291 3106 495 3188 correptionis
517 3129 579 3190 pur
600 3110 654 3168 ari.
868 3169 869 3174 ,
1235 3100 1240 3111 “

142 3205 171 3259 9.
215 3191 390 3253 EUNDEM
411 3193 442 3250 in
465 3191 519 3251 lib.
539 3131 599 3254 lid
617 3193 825 3279 dialogorum,
847 3195 945 3278 capite
966 3192 1310 3263 39.babes0.2h01;00,;„.
1334 3251 1337 3255 .

55 3275 118 3340 bac
142 3278 329 3358 quaestione.
349 3276 382 3335 Β.
403 3288 451 3342 11.
960 3306 963 3310 ’
1024 3290 1026 3295 ’
1140 3271 1307 3374 ἶῑίὲῑῗῗῇιὲἶῗῖἇ

103 3414 105 3419 ,
148 3374 195 3427 10.
238 3355 482 3419 BERNARDUS
504 3380 642 3424 sermone
667 3375 718 3430 66.
750 3383 844 3445 super
875 3363 998 3425 Cantica
1014 3342 1131 3424 Canti-
1140 3370 1238 3412 mortuis

56 3454 186 3507 corum:
229 3443 340 3503 Videte
352 3445 552 3522 detractores,
574 3447 676 3508 ridete
695 3467 791 3506 canes.
813 3447 949 3509 Irrident
969 3470 1035 3525 nos,
1059 3425 1214 3530 quia⁰¹⁰¹¹9

56 3530 248 3613 baptizamus
267 3528 406 3606 infantes,
429 3530 515 3611 quod
533 3551 657 3592 oramus
675 3553 734 3615 pro
756 3536 900 3612 mortuis,
923 3533 1009 3614 quod
1042 3553 1130 3593 sanc-

58 3628 164 3676 torum
187 3611 330 3695 suffragia
353 3612 551 3697 postulamus
593 3615 630 3675 In
663 3618 744 3676 omni
768 3607 876 3700 genere
908 3617 1065 3677 hominum
1081 3629 1130 3677 at·

58 3719 122 3781 que
154 3700 197 3783 in·
216 3709 350 3777 utroque
385 3718 457 3757 sexu
502 3697 645 3760 festinant
669 3702 866 3783 proscribere
897 3701 1063 3776 Christum,
1100 3703 1309 3768 inv-immutor.

59 3782 172 3843 adultis
194 3793 224 3840 et
240 3781 385 3864 parvulis,
399 3784 430 3841 in
451 3783 527 3841 vivis
550 3795 581 3842 et
600 3778 738 3861 mortuis,
760 3798 814 3846 etc.
858 3787 1002 3847 Mortuos
1022 3757 1311 3857 ‚vivan—liillililis'

58 3869 138 3926 tium
159 3866 333 3926 fraudantes
356 3865 488 3925 auxiliis:
509 3864 641 3927 viventes
648 3862 851 3929 'nihilominus
872 3850 1055 3949 sanctoruni,
1078 3872 1130 3951 qui
1143 3855 1310 3945 ,ssffissffssssssssssff

61 3951 267 4026 decesserunt,
288 3945 438 4034 suffragiis
461 3949 635 4032 spoliantes.
678 3953 720 4012 Et
739 3953 834 4035 paulo
856 3967 949 4034 post:
965 3955 1033 4017 Non
1063 3954 1264 4043 cre-,⁵3¹³sslt!¹⁰8

62 4033 142 4095 dunt
163 4047 271 4110 autem,
288 4036 388 4120 ignem
414 4035 634 4117 Purgatorium'
660 4048 775 4098 restare
800 4031 873 4122 post
898 4037 1053 4118 'mortem
1076 4041 1129 4105 s'ed
1157 4009 1280 4044 mm

60 4121 162 4179 statim
184 4121 311 4179 animam
331 4122 464 4183 solutam
483 4140 501 4179 a
522 4118 654 4209 corpore
685 4119 735 4182 vel
767 4122 806 4182 ad
828 4124 1129 4205 requiem'tra‘nsire,

55 4203 109 4265 vel
131 4202 170 4264 ad
185 4202 416 4267 damnationem.
461 4202 620 4284 Quaerant
632 4204 706 4292 ergo
729 4203 770 4268 ab
782 4228 830 4285 eo,
850 4209 904 4292 qui
920 4204 1010 4288 dixit,⁴¹
1022 4210 1130 4295 quod·
1140 4192 1311 4296 {limidi
