2790 4792
355 317 828 398 maturuerit
870 340 918 420 ².
1056 327 1137 407 443

70 528 216 583 numerus
235 518 318 580 hene
337 513 486 598 congruit·
498 507 863 596 prohibition'tcoujngii
881 513 1068 600 corporalis,
1097 515 1137 577 de

72 627 138 688 qno
171 606 248 665 dicit
281 601 461 684 Apostolus,
495 595 583 681 quod
614 595 660 653 vir
681 614 744 655 non
774 593 868 656 habet
886 612 1065 679 potestatem
1085 601 1136 680 sui

71 691 234 772 corporis,
265 688 318 748 sed
346 684 472 746 mulier:
504 699 606 759 neque
640 677 751 737 mulier
775 677 870 738 habet
890 695 1069 762 potestatem
1087 686 1137 745 sui

70 775 216 856 corporis
222 815 232 849 ,
262 771 315 832 sed
327 772 407 830 rirs'
422 768 496 850 quia
518 773 655 845 quatuor
671 775 744 823 sunt
762 761 907 822 humores
936 768 979 827 in'
991 789 1136 852 corpore,

73 857 165 938 quod
185 867 303 918 constat
320 876 355 915 ex
380 864 525 934 rquatuor
546 847 707 907 elementis.
763 848 840 907 Cum
862 869 933 930 ergo
951 853 1014 930 jam
1040 873 1137 933 usqua

73 940 116 1002 ad
146 951 286 1022 quartum
313 938 443 1024 gradum
477 930 651 1016 prohibitio
686 931 859 1015 conjugalis
882 934 1069 1015 copulae-sit
1087 957 1138 995 re-

71 1025 198 1102 stricta,
224 1045 291 1085 eam
322 1036 366 1082 ita
387 1038 450 1079 esse
478 1015 619 1078 volumus
637 1028 837 1098 perpetuam,
859 1037 923 1082 non
944 1017 1139 1079 obstantibus

70 1102 342 1169 constitutionibus
360 1120 454 1183 super
475 1100 536 1161 hoo
557 1101 673 1163 dudum
694 1100 804 1177 editis,
835 1101 883 1161 vel
904 1100 1032 1161 abaliis
1052 1103 1101 1163 rel
1120 1123 1140 1164 a

69 1192 194 1269 nobis,
212 1205 271 1268 nt,
303 1191 329 1249 si
361 1188 415 1268 qni
453 1195 560 1245 contra
586 1183 827 1268 prohibitionem
846 1184 1027 1266 hujusmodi
1047 1202 1140 1269 prae·

67 1277 255 1360 sumpserint
275 1271 434 1355 copulari,
462 1269 543 1329 nulla
568 1269 793 1354 longinquitate
813 1270 1025 1331 defendantur.
1041 1278 1140 1331 anno-
1238 1326 1240 1333 ,

68 1380 155 1437 rum,
178 1381 248 1420 cum
267 1357 453 1416 diuturnitas
479 1365 652 1438 temporum
669 1374 733 1413 non
761 1355 877 1414 minuat
893 1362 1067 1436 peccatum,
1083 1353 1142 1416 sed

68 1455 195 1528 augeat:
227 1453 378 1520 tantoque
400 1440 542 1522 graviora
564 1444 626 1499 sint
647 1439 795 1515 crimina,
816 1451 932 1525 quanto
955 1439 1070 1500 diutius
1090 1441 1141 1499 in-

70 1527 192 1592 felicem
216 1526 355 1585 detinent
379 1525 507 1583 animam
524 1522 693 1606 alligatam„
723 1574 726 1579 .
1001 1550 1014 1567 ··

103 1621 105 1626 ·
158 1623 188 1677 4.
230 1607 785 1669 CONCILIUMTrtdentinumsess.
808 1605 1320 1702 aa.can05.r-.·Siqois}⁰via1a›o·

70 1694 203 1768 dixerit,
224 1704 411 1754 costantnm
429 1693 699 1776 consanguinitatis
718 1702 750 1751 et
768 1689 921 1750 affinitatis
937 1691 1078 1774 gradus,
1089 1692 1143 1773 qui
1165 1675 1186 1716 ‘²'

72 1778 199 1840 levitico
227 1778 452 1860 exprimuntur,
477 1796 569 1859 posse
596 1775 744 1857 impedire
762 1776 990 1855 matrimonium
1009 1789 1143 1837 contra-

69 1858 234 1938 bendum,
259 1873 289 1921 et
317 1860 458 1920 dirimere
494 1871 702 1937 contractum,
730 1879 787 1919 nec
804 1879 895 1942 posse
922 1860 1089 1921 Ecclesiam
1110 1862 1141 1918 in
1164 1870 1318 1932 Dispepsurto

71 1944 230 2005 nonnullis
252 1944 375 2004 illorum
392 1945 575 2028 dispensare,
598 1956 652 2004 aut
672 1945 873 2020 constituere,
896 1955 930 2004 ut
958 1944 1066 2028 plures
1081 1946 1141 2004 im·
1150 1921 1318 2024 {lilibus
1365 1999 1367 2002 ψ

67 2028 198 2114 pediant
219 2040 250 2088 et
275 2029 435 2106 dirimant,
467 2028 624 2091 anathema
646 2030 694 2088 sit.
996 2054 1000 2063 ’
1121 2085 1124 2090 -
1151 2023 1316 2111 pppgaugunt.

158 2124 188 2177 5.
229 2104 332 2170 ITEM
352 2132 418 2171 can.
440 2126 485 2182 4.=
507 2113 540 2172 Si
565 2113 635 2192 quis
661 2112 788 2187 dixerit,
810 2107 1060 2185 Ecclesiamnon
1077 2134 1142 2195 po·-
1231 2186 1236 2195 Ι

68 2194 167 2256 tuisse
191 2198 375 2256 constituere
395 2197 609 2280 impedimenta
629 2198 859 2257 matrimonium
877 2196 1068 2271 dirimentis,
1092 2217 1128 2255 ve
1262 2199 1290 2226 ⁰¹¹

73 2281 107 2340 in
130 2280 168 2338 iis
181 2280 401 2340 constituendis
422 2302 560 2355 errasse,
588 2280 746 2341 anathema
772 2280 821 2336 sit.
904 2332 907 2336 ,

163 2376 192 2430 6·
234 2363 278 2424 IN
299 2365 403 2425 eadem
425 2369 559 2426 sessione
580 2364 612 2421 in
633 2362 759 2422 decreto
778 2360 816 2417 de
837 2358 1062 2420 reformatione:
1076 2380 1145 2419 mae·
1188 2358 1194 2372 '
1236 2350 1254 2417 ’.

73 2447 221 2525 trimonii,
248 2470 314 2530 cap.
335 2462 384 2514 2:
426 2449 527 2508 Docet
558 2447 751 2525 experientia,
764 2441 898 2582 'propter
918 2442 1145 2504 multitudinem

74 2530 339 2616 prohibitionum,
373 2530 528 2591 multoties
563 2529 594 2584 in
617 2526 736 2586 casibus
772 2545 830 2607 pro
856 2524 940 2584 ibitis
969 2528 1145 2610 ignoranter

75 2615 221 2676 contrahi
255 2615 462 2673 matrimonia:
485 2615 516 2671 in
537 2609 650 2692 quibus
665 2608 712 2670 rel
731 2631 793 2669 non
804 2612 869 2668 sine
892 2631 1001 2693 magno
1017 2605 1145 2694 peceato

98 2707 312 2772 erseveratur,
336 2695 384 2755 vel
409 2715 443 2754 ea
470 2716 534 2756 non
554 2696 619 2755 sine
647 2714 758 2778 magno
781 2693 924 2754 scandalo
951 2697 1146 2757 dirimuntur.

72 2721 194 2845 h'olens
229 2782 333 2859 itaque
350 2790 461 2839 sancta
484 2779 629 2856 Synodus
650 2779 724 2841 huic
753 2779 948 2841 incommodo
974 2781 1146 2862 providere,
1158 2781 1309 2871 offlfflljss

77 2879 110 2928 et
136 2887 154 2924 a
173 2865 361 2946 cognationis
376 2864 519 2945 spiritalis
527 2863 755 2947 ⁸impedimento
769 2866 935 2948 incipiens,
959 2869 1087 2939 statuit,
1112 2878 1147 2925 ut
1157 2845 1198 2920 adl
1202 2893 1322 2932 quoecon·
1342 2893 1364 2904 ν

75 2968 158 3012 unns
183 2959 317 3022 tantum,
350 2948 413 3008 sive
430 2951 494 3027 vir,
526 2951 589 3011 sive
607 2949 736 3027 mulier,
768 2951 855 3030 juxta
879 2969 1038 3010 sacrorum
1055 2931 1270 3013 cano-²¹“h“l¹¹¹·

77 3052 154 3094 num
174 3033 334 3109 instituta,
356 3034 404 3094 vel
426 3035 465 3094 ad
483 3055 632 3096 summum
655 3054 736 3095 unns
755 3046 786 3094 et
804 3055 880 3110 una,
903 3033 1089 3115 baptizatum
1108 3034 1148 3094 do

77 3115 235 3196 baptismo
261 3119 443 3199 suscipiant:
473 3121 552 3181 inter
580 3139 658 3203 quos
685 3139 721 3179 ae
745 3119 931 3202 baptisatam
964 3120 1081 3200 ipsum,
1116 3129 1147 3179 et

48 3230 53 3236 ·
75 3201 161 3264 illius
184 3212 298 3281 patrem
326 3215 356 3262 et
377 3216 522 3282 matrem,
549 3226 605 3266 nee
622 3224 685 3265 non
704 3203 784 3264 inter
800 3204 1002 3286 baptizantem
1025 3203 1147 3286 etbap-

78 3290 233 3360 tiaatum,
256 3284 464 3369 baptizatique
483 3302 601 3372 patrem
622 3310 657 3349 ac
681 3300 810 3349 matrem
822 3330 833 3364 ,
855 3299 972 3347 tantum
998 3290 1147 3373 spiritua-

78 3369 119 3432 lis
140 3370 281 3452 cognatin
316 3373 528 3436 contrahatur.
579 3373 739 3434 Perochns
766 3384 928 3454 antequam
960 3374 999 3434 ad
1025 3374 1147 3456 baptis·

77 3474 163 3517 mum
181 3455 400 3516 conferendum
425 3458 565 3536 accedat,
588 3459 751 3541 diligenter
768 3457 806 3518 ab
824 3459 871 3534 iis,
896 3456 936 3517 ad
952 3480 1031 3539 quos
1054 3477 1146 3542 spec·

76 3537 177 3616 tabit,
198 3540 390 3618 sciscitetur,
422 3563 513 3624 quem
537 3540 585 3606 vel
609 3564 684 3626 quos
701 3542 864 3625 elegerint,
900 3554 936 3603 ut
960 3544 1146 3627 baptizatum

77 3622 119 3685 de
141 3642 229 3684 sacro
249 3622 335 3684 fonte
355 3628 538 3710 suscipiant,
572 3640 602 3689 et
624 3648 693 3687 eum
714 3627 762 3686 vel
782 3649 832 3688 eos
858 3639 974 3688 tantum
993 3629 1032 3688 ad
1062 3628 1148 3706 illurn

79 3708 308 3790 suscipiendum
326 3708 481 3787 admittat,
504 3723 536 3771 et
555 3712 586 3771 in
603 3711 686 3774 libro
707 3731 816 3772 eornm
835 3713 956 3772 nomina
978 3713 1148 3774 describata

79 3792 252 3874 doceatque
268 3814 336 3866 eos,
374 3815 466 3876 qnam
489 3797 955 3879 cognationem·eontraxerint,
984 3819 1021 3856 ne
1057 3800 1149 3880 igno-

79 3879 179 3937 rantia
204 3877 266 3937 ulla
290 3880 426 3938 excusari
442 3879 570 3941 valeant.
614 3881 752 3957 Quodsi
773 3882 845 3956 alii,
868 3880 951 3941 ultra
965 3882 1148 3965 designatos,
1206 3938 1208 3945 .

79 3959 270 4042 baptizatum
293 3963 468 4046 tetigerint,
498 3967 711 4046 cognationem
730 3965 917 4047 spiritualem
944 3967 1030 4026 nullo
1055 3978 1152 4049 pacto

81 4044 278 4107 contrahant:
300 4048 577 4110 constitutionibus
593 4049 625 4124 in
648 4052 837 4110 contrarium
861 4050 1055 4128 facientibus,
1083 4073 1147 4111 non

80 4127 288 4191 obstantibus.
328 4130 363 4192 Si
382 4131 513 4215 parochi
533 4131 624 4216 culpa
648 4133 697 4194 val
727 4133 909 4217 negligentia
932 4156 1017 4196 senus
1031 4138 1148 4198 factum

85 4212 196 4288 luerit,
232 4214 361 4277 arbitrio
391 4217 541 4315 ordinarii
565 4220 738 4302 puniatur„
778 4217 825 4282 lla
848 4236 974 4306 quoque
990 4224 1148 4308 cognatio,
1207 4242 1210 4251 ·
