2790 4792
309 275 894 405 ›n'flsscffl-'A,1121⁵·‡.¹-ffl·„
1052 270 1131 379 iis

70 496 204 565 Peracta
234 512 311 556 vero
344 488 455 568 laude,
474 483 865 569 venerandaqneipsorom
891 495 924 548 et
953 481 1139 570 intelligibili

70 580 278 665 speculatione
308 574 484 663 spunalibus
505 575 643 655 inspecta
665 569 842 652 infinibus,
862 581 930 632 tum
949 590 1026 633 vero
1047 572 1139 631 etiam

71 671 112 726 ad
134 684 221 725 sacra
241 663 381 739 mysteria
403 663 435 721 in
456 659 550 740 signis
570 654 762 723 'celebranda
794 654 1012 738 progreditur,
1042 655 1139 737 idque

70 771 115 816 cx·
123 748 292 813 traditione
320 748 430 807 divina.
473 743 632 818 Quocirca
653 739 931 815 macularemini
951 740 1035 805 eiiex
1055 758 1139 824 pon-
1151 762 1318 826 marimum

71 830 308 915 tilicaliofficio,
327 842 399 915 post
426 847 526 889 sacras
556 825 729 905 divinorum
751 815 996 913 opernm-Bum-
1018 827 1137 915 ,gfquo'd
1150 814 1316 907 ξξζζῑζξζΰξζ

70 902 376 992 hostiamis'alutarcm
417 917 513 992 (quae
536 929 629 991 supra
652 909 752 991 ipsum
773 905 837 988 est)
856 906 927 967 licet
949 912 1316 1007 se-·¹exccsatt‚·t1·qffit··

70 992 233 1084 adipsum
252 1001 357 1097 ¹primo
381 998 527 1058 decenter
550 992 734 1052 exclamans:
768 993 818 1051 Tu
845 990 964 1051 dixisti:
1006 993 1073 1054 Hoc
1093 973 1228 1062 stt-iiiiii.

69 1090 129 1145 cite
152 1087 192 1145 in·-
212 1079 657 1145 racanascommemorationem.
699 1076 821 1137 Deinde
852 1086 938 1135 tanto
970 1079 1166 1140 ministerio'

70 1169 110 1228 ad
134 1156 430 1245 imitationemllEl
451 1163 591 1223 instituto
615 1162 726 1245 dignus
743 1157 813 1220 fieri
833 1158 985 1242 postulat,
1007 1174 1037 1221 et
1057 1163 1144 1221 simi·
1262 1164 1265 1169 ’

69 1252 107 1312 lis
116 1255 173 1336 ipsi
190 1252 379 1315 CHRISTQ'
389 1244 576 1332 premitibus
590 1247 727 1320 evadere,
740 1257 776 1305 ut
804 1255 833 1304 et
855 1256 1039 1305 sacramenta
1054 1266 1145 1306 sanc-

66 1348 97 1396 te
119 1336 270 1412 conficiat,
287 1347 318 1395 et
328 1346 409 1394 caste
422 1326 612 1398 distribuati·
622 1330 723 1413 etqui
734 1329 772 1389 ad
786 1329 1026 1387 communionem
1040 1347 1148 1391 acces.

66 1423 221 1494 surisunt,
238 1420 332 1502 digne
344 1408 562 1498 participedt2'
575 1408 681 1496 slc'qub
700 1408 879 1485 indubitanda
909 1417 1054 1486 mysteria
1072 1434 1148 1473 eon-

67 1516 208 1578 summat,
221 1515 253 1563 et
273 1500 397 1561 laudata
416 1496 513 1558 oculis
531 1497 675 1579 subjicit,
702 1498 736 1556 in
750 1499 954 1583 signiasancte
970 1499 1146 1582 propositis.

158 1599 186 1652 1.
230 1586 271 1644 D.
293 1582 550 1644 AUGUSTlNUS
573 1584 607 1643 L·
627 1584 665 1645 X·
687 1580 727 1642 (le
747 1583 828 1641 clvii·
850 1580 924 1658 Del,
947 1600 973 1641 c.
995 1597 1065 1650 20st
1106 1581 1253 1664 Utt’lgmae
1276 1615 1335 1645 ιο..

71 1690 181 1753 supra·
207 1666 243 1733 C·
265 1680 295 1735 4·
369 1700 372 1705 ,
666 1667 669 1672 ·
1154 1653 1297 1746 :praemitti

160 1767 191 1818 2.
233 1751 342 1812 IDEM
361 1750 396 1811 L.
414 1748 474 1810 =v1.
498 1761 578 1811 cont.
600 1748 704 1810 Faust.
727 1747 895 1811 Manichae.
912 1758 938 1810 c
958 1763 1005 1828 5.,
1040 1749 1080 1811 de
1094 1769 1144 1811 sa-
1257 1814 1261 1821 ,

72 1835 200 1899 orificiis
221 1837 328 1896 veteris
355 1835 527 1895 testamenti
546 1834 690 1914 loquens:
735 1834 776 1893 Et
794 1837 870 1918 ipsa,
892 1836 1002 1918 inquit,
1024 1833 1141 1918 figurae

68 1933 196 1981 nostrae
215 1921 347 1994 sucrum,
368 1931 398 1979 et
422 1919 522 1985 omnia
542 1918 613 1978 talia
635 1917 738 1978 multis
760 1931 791 1979 et
815 1920 903 1979 variis
925 1920 1023 1981 modis
1045 1941 1140 1980 unum

70 2002 266 2080 sacrificium,
279 2005 367 2083 cnjus
380 2025 461 2062 nunc
479 2003 650 2062 memoriam
667 2002 863 2079 celebramus,
882 2003 1137 2088 significaverunt.

71 2090 164 2149 Unde
175 2089 234 2148 isto
247 2088 388 2164 revelato,
404 2100 433 2148 et
444 2108 500 2147 suo
511 2098 648 2170 tempora
657 2086 777 2164 oblato,
789 2087 840 2147 illa
849 2088 888 2147 de
898 2090 1004 2171 agendi
1015 2089 1140 2149 celebri.

70 2185 136 2236 tate
154 2173 273 2234 sublata
296 2183 381 2231 sunt:
406 2173 460 2231 sed
484 2173 514 2231 in
536 2170 727 2254 significandi
752 2175 934 2233 auctoritate
952 2185 1139 2232 manserunt.

158 2268 208 2323 1..
228 2257 265 2316 Ε.
308 2256 566 2317 HIPPOLYTUS
588 2257 688 2335 Episc.
717 2268 749 2314 et
769 2258 811 2314 Μ.
827 2259 870 2313 ‘in
904 2270 979 2316 orat.
1008 2256 1046 2313 de
1068 2276 1143 2315 oon-

70 2342 270 2404 summatione
289 2341 394 2400 mundi
416 2353 447 2399 et
461 2338 668 2398 Antichristo:
711 2339 876 2421 Lugebunt
894 2341 982 2401 etiam
1000 2336 1143 2397 ecclesiae

70 2426 187 2486 luctum
205 2446 353 2508 magnum,
375 2426 451 2505 quia
466 2443 522 2480 nec
545 2421 672 2495 oblatio,
697 2440 754 2478 nec
776 2418 894 2505 suffitus
913 2420 977 2498 fiat
1001 2442 1057 2480 nec
1077 2421 1144 2479 cul-

71 2523 124 2586 tus
151 2509 238 2571 DEO
268 2523 380 2592 gratus.
423 2506 486 2564 Sed
518 2503 726 2562 Ecclesiarmn
754 2503 843 2565 aedes
870 2525 992 2581 sacrae,
1025 2507 1142 2589 tugurii

71 2597 167 2656 instar
189 2606 288 2669 erunt,
309 2593 546 2674 pisciosumqne
571 2608 681 2667 corpus
709 2600 738 2647 et
757 2591 878 2671 sanguis
899 2590 1059 2649 CHRISTI
1079 2612 1142 2651 non

72 2678 189 2749 extabit
208 2680 241 2737 in
268 2673 469 2737 diebus'illis:
492 2672 614 2753 liturgia
633 2675 841 2756 extinguetur,
864 2675 1053 2757 psalmorum
1085 2675 1141 2735 de·
1153 2679 1316 2743 mannum.

70 2765 206 2824 cantatio
221 2759 368 2833 cessabit,
394 2759 618 2838 scripturarum
638 2760 773 2835 recitatio
793 2779 855 2819 non
878 2760 1037 2820 audietur:
1080 2759 1141 2820 Sed
1152 2732 1316 2841 {lillil'nilt

72 2858 168 2908 erunt
184 2843 268 2926 apud
292 2841 428 2901 homines
447 2839 606 2919 tenebrae,
631 2841 803 2904 lamentatio
835 2864 927 2930 super
949 2843 1196 2905 lamentatio-⁸¹⁸·

68 2951 154 3004 nem,
181 2948 235 2986 vae
259 2945 352 3005 super
374 2932 436 2983 vae.
480 2958 483 2963 >

103 3068 106 3073 ,
160 3026 191 3077 2.
234 3009 555 3071 CHRYSOSTOMUS
584 3010 664 3071 bom.
690 3025 738 3081 1¹9·
768 3013 868 3094 operis
905 3011 1076 3094 imperfecti
1109 3014 1143 3073 in
1197 3054 1200 3059 -
1230 3004 1235 3013 ¹

68 3078 207 3171 Mettis,
227 3094 259 3152 in
294 3113 329 3153 ea
354 3090 460 3153 verba:
503 3096 577 3155 Cum
607 3118 679 3180 crgo
703 3097 841 3156 videritis
870 3095 1142 3158 abominationem
1187 3142 1190 3147 .
1222 3098 1241 3173 ’,-

70 3181 116 3244 Et
138 3182 182 3239 sic
198 3176 370 3261 prophetae
388 3179 481 3237 verba
504 3179 674 3263 significant
694 3183 787 3263 magis
819 3180 857 3238 de
883 3182 1143 3241 consummatione
1251 3206 1254 3211 ’

69 3265 202 3328 mundi:
223 3261 387 3344 prophetia
408 3273 516 3337 tamen,
531 3270 610 3324 sicut
631 3266 722 3324 docet
736 3263 947 3340 CHRISTUS,
970 3267 1008 3324 ad
1022 3277 1142 3325 utrum·
1173 3282 1176 3287 '

71 3370 134 3432 que
159 3359 206 3407 est
227 3347 317 3406 dicta.
360 3347 439 3405 Sunt
455 3359 554 3406 autom
576 3348 667 3408 verba
687 3349 739 3409 illa
765 3350 827 3408 sic.-
869 3349 904 3408 ln
924 3348 1050 3409 dimidio
1069 3370 1142 3433 scp-

70 3435 139 3496 timi
155 3433 225 3492 anni
240 3431 398 3490 auferetur
412 3433 487 3513 juge
509 3432 699 3511 sacrificium,
721 3445 753 3492 et
772 3432 955 3494 abominatio
976 3433 1141 3495 desolatio·
1151 3449 1291 3501 nmen.

68 3519 116 3578 nis
139 3517 234 3577 stabit
253 3517 285 3575 in
304 3515 373 3576 loco
386 3530 514 3590 sancto,
540 3519 696 3597 usquead
717 3521 1001 3580 consummationem
1020 3531 1141 3602 tempo·
1208 3554 1212 3563 ·

70 3605 124 3679 ris,
155 3612 186 3662 et
208 3602 429 3661 consommatio
449 3599 573 3659 dabitur
598 3622 690 3684 super
717 3601 920 3664 solitudinem.
963 3603 1032 3664 Illic
1054 3625 1142 3665 exer-

70 3690 153 3748 citus
163 3687 320 3748 Romanus
337 3687 438 3746 dictus
453 3696 497 3744 est
515 3684 699 3746 abominatio
713 3686 920 3766 desolationis,
939 3690 1011 3768 quia
1024 3687 1063 3748 ad
1076 3688 1141 3750 de-

71 3771 252 3832 solationem
282 3769 460 3830 redacturus
494 3769 594 3828 fuerat
624 3769 786 3829 Iudaicum
806 3770 1020 3831 cultum:.hic
1040 3786 1141 3834 autem

71 3855 270 3915 antichristus
295 3853 412 3915 dicitur
432 3853 617 3914 abominatio
635 3855 841 3931 desolationis,
869 3857 941 3936 qnia
973 3857 1141 3919 multorum

74 3939 319 4000 Christianorum
346 3941 457 3998 animas
490 3939 627 3999 facturus
657 3951 701 3998 est
729 3938 880 4000 desolatas
905 3940 1021 4001 aDeo.
1040 3976 1044 3981 ·
1062 3943 1141 4007 Nam

72 4035 236 4105 antequam
249 4035 394 4105 caperent
409 4023 537 4084 Romani
560 4021 758 4100 Hierusalem,
777 4026 806 4084 in
827 4023 952 4084 dimidio
971 4023 1141 4088 bebdoma-

74 4105 122 4165 dis
141 4106 337 4168 CHRISTUS
356 4128 414 4191 per
433 4127 519 4168 snam
534 4107 706 4169 doctrinam
724 4107 795 4171 tulit
813 4109 852 4170 de
873 4109 973 4171 medio
998 4112 1072 4196 juge
1089 4131 1142 4173 sa·-

71 4186 225 4253 crilicium
239 4189 443 4254 ludaeorum
480 4191 561 4255 Nem
577 4192 693 4255 donar
709 4192 808 4267 tribua
826 4197 913 4259 amris
932 4207 965 4258 et
982 4215 1034 4259 sex
1054 4215 1145 4259 men-
