2790 4792
323 312 882 415 roan-irruerat..
1063 332 1155 403 aar..

74 506 171 592 igitur
192 500 266 567 belli
292 502 384 565 nobis
405 511 448 563 cst
473 501 508 583 in¹
524 496 587 560 hoc
608 498 724 561 mundo
736 541 747 575 ,
773 520 875 584 pugna
900 505 1050 581 adversus
1069 505 1139 569 Ma-

73 586 205 652 dianitas
235 601 302 663 est,
339 591 400 647 sive
425 586 583 647 adversum
597 585 680 651 vvitia
706 588 807 643 carnis
824 600 960 665 nostrae,
997 594 1060 663 sive
1080 592 1139 651 ad·

73 697 196 735 versum
220 674 384 732 contrarias
401 680 576 752 potestates.
621 666 746 748 Spectat
771 689 827 728 nos
854 673 1031 753 angelorum
1059 674 1139 735 cbo·

71 779 154 834 rus,
175 759 322 817 virtutum
345 753 518 837 caelestium
551 748 604 832 pia
631 771 703 833 erga
731 769 788 811 nos
816 755 930 834 pendet
946 762 1138 839 exspectatio,

73 842 202 922 quando
223 839 269 899 vel
289 838 442 922 quomodo
460 837 497 896 de
522 831 584 893 hoc
604 833 721 916 praelio
742 850 937 912 revertamur,
953 842 1028 921 quid
1041 864 1139 917 unus·

75 929 207 1006 quisque
231 937 366 983 nostrum
396 919 609 981 manubiarum
640 931 797 1001 reportet:
829 932 877 993 et¹
897 924 1054 983 intuentur
1080 947 1137 985 cu·

72 1012 189 1068 riosius
212 1029 246 1067 ac
270 1006 421 1068 solicitius
443 1013 696 1085 perscrutantur,
730 1006 799 1084 quis
822 1018 960 1065 nostrum
978 1006 1137 1068 auri'hinc

72 1090 323 1172 amplius‘ferat,
356 1092 425 1172 quis
450 1093 540 1145 etiam
566 1091 683 1168 argenti
720 1086 799 1147 illud
829 1089 954 1171 pondus
988 1091 1136 1167 exhibeat,
1149 1122 1232 1167 geo„
1243 1129 1309 1173 m,

71 1178 179 1255 quisve
205 1173 330 1258 lapides·
344 1173 464 1232 deferat
482 1171 642 1255 pretiosos.
684 1168 858 1251 Requirunt
882 1175 991 1251 etiam,
1020 1177 1046 1233 si
1068 1177 1137 1254 quis

71 1280 121 1318 aes
143 1258 276 1335 deferat,
297 1263 351 1318 aut
373 1258 509 1328 ferrum,
526 1266 578 1314 aut
599 1252 784 1335 plumbum,
805 1255 859 1315 sed
879 1267 909 1314 et
928 1278 978 1317 vas
990 1257 1136 1340 ligneum,
1157 1268 1159 1272 ⁴
1191 1301 1207 1320 .-

70 1345 97 1401 si
129 1343 209 1402 forte
238 1343 370 1426 aliquis,
400 1349 454 1406 aut
482 1334 597 1412 fictile,
617 1349 675 1397 'aut
700 1337 785 1399 aliud
811 1338 991 1421 hujusmodi
1011 1363 1136 1423 magnae

70 1427 183 1487 domus
197 1427 303 1486 usibus
326 1423 536 1481 necessarium.
587 1421 624 1481 In
639 1440 748 1504 magna
764 1424 851 1481 >enim
871 1422 963 1485 domo
982 1445 1045 1484 non
1064 1437 1138 1486 sunt

68 1509 284 1572 tantummodo
301 1524 369 1565 vasa
387 1525 479 1564 aurea
499 1517 529 1565 et
544 1510 700 1588 argentea,
731 1505 784 1565 sed
805 1520 835 1566 et
854 1506 952 1589 lignea
973 1521 1004 1569 et
1022 1506 1136 1567 fictilia.
1147 1524 1309 1571 rumorum,

67 1593 252 1674 Requiritur
272 1611 347 1671 ergo
364 1588 538 1671 diligenter,
569 1609 638 1647 cum
660 1588 822 1649 abierimus
845 1590 930 1667 illuc,
944 1584 1030 1674 'quid
1042 1578 1188 1652 uuus-²0'

69 1681 207 1760 quisque
229 1686 367 1732 nostrum
382 1672 525 1748 deferat:
553 1683 582 1731 et
613 1672 779 1751 secundum
807 1694 862 1749 ea,
889 1697 967 1756 quae
984 1676 1139 1753 detulerit,
1187 1712 1199 1739 t

67 1759 244 1823 secundum
276 1756 360 1839 quod
390 1754 480 1815 labor
502 1755 569 1834 ejus
601 1777 662 1837 pro
681 1758 938 1841 contemplatione
963 1762 1140 1820 exuviarum

93 1843 251 1914 robatur,
288 1843 378 1899 etiam
398 1840 561 1898 mansionis
589 1841 617 1899 ei
638 1841 778 1899 meritum
803 1841 1012 1923 deputabitur.
1055 1842 1140 1907 Pro·-

67 1865 188 1987 bantur
222 1937 321 1984 tamen
353 1925 452 1983 omnia
483 1921 576 1982 baec:
614 1944 693 2004 quae
723 1925 913 2007 perignem,
939 1948 997 2009 per
1015 1931 1135 2011 ignem:

68 2029 152 2092 quae
186 2027 242 2089 per
266 2028 394 2089 aquam,
423 2026 480 2087 per
504 2025 624 2086 aquam.
662 2007 926 2090 vUniuscujusquc
946 2013 1026 2071 euim
1046 2031 1135 2095 opus,

69 2091 165 2175 quale
200 2093 267 2166 sit,
291 2093 368 2174 ignis
401 2088 554 2172 probabit.
616 2090 786 2173 Propterea
805 2113 879 2175 ergo
907 2095 965 2154 ait:
988 2097 1069 2156 Haec
1091 2098 1142 2156 cst'
1175 2135 1179 2145 ι

52 2171 252 2259 'justificatio
274 2175 366 2256 legis,
392 2195 484 2254 quam
508 2176 669 2235 constituit
693 2176 843 2235 Dominus
868 2178 988 2252 Moysi:
1013 2192 1138 2259 praeter

72 2280 198 2332 aurum,
221 2271 251 2319 ct
270 2270 444 2340 argentum,
463 2269 494 2318 et
515 2250 744 2334 aeramentum,
762 2270 792 2317 et
812 2259 950 2333 ferrum,
984 2272 1015 2318 et
1034 2260 1139 2339 plum-

72 2344 169 2418 bum,
205 2355 236 2403 et
256 2355 416 2419 stannum,
449 2354 480 2402 et
501 2363 603 2402 omnes
624 2362 688 2415 res,
723 2362 801 2420 quae
821 2343 929 2399 transit
950 2363 1007 2420 per
1028 2344 1138 2424 ignem,

73 2426 226 2487 traducite
245 2448 303 2510 per
328 2429 444 2509 ignem,
485 2437 516 2484 et
532 2422 739 2484 mundabitur.
782 2421 843 2480 Sed
860 2434 890 2481 et
908 2424 938 2480 in
960 2445 1039 2505 aqua
1053 2430 1141 2506 puri-

72 2508 227 2571 ficationis
246 2509 506 2593 purificabuntur.
548 2507 669 2580 Omnia,
690 2525 966 2586 quaecunquenon
985 2519 1141 2568 transeunt

70 2614 129 2680 per
155 2597 271 2677 ignem,
302 2592 478 2654 transibunt
498 2610 554 2672 per
583 2608 709 2670 aquam,
738 2598 768 2651 et
797 2586 935 2650 lavabitis
966 2604 1141 2653 vestimenta

70 2691 172 2740 vestra
192 2679 239 2738 die
264 2681 409 2760 septima,
443 2686 473 2734 et
496 2672 602 2733 mundi
626 2673 728 2749 eritis,
756 2684 785 2732 et
805 2686 878 2756 post
898 2673 975 2736 haec
996 2677 1145 2737 introibi-

70 2766 112 2825 tis
134 2764 166 2821 in
189 2774 294 2821 castra.
337 2760 456 2832 Vides,
478 2756 635 2838 quomodo
656 2753 871 2840 purificatione
893 2760 1009 2846 indiget
1031 2763 1140 2839 omnis,

71 2847 127 2929 qui
150 2848 256 2915 exierit
277 2843 315 2901 de
336 2842 453 2923 praelio
472 2842 549 2901 uitae
569 2841 687 2922 hujus?
709 2851 766 2906 etc.
1020 2906 1024 2913 ¹

162 2941 209 2993 10.
253 2926 357 2984 lDEM
387 2924 469 2983 hom.
499 2938 528 2993 6.
563 2927 594 2985 in
628 2925 790 2987 Exodum:
833 2925 957 3012 Triplex
988 2939 1033 2989 est
1061 2926 1141 2990 benc

70 3010 185 3097 agendi
218 3010 288 3067 via:
328 3005 527 3073 nihilominus
553 3011 632 3069 euim
661 3009 710 3070 vel
738 3033 849 3092 opere,
882 3014 929 3072 vel
944 3016 1139 3096 cogitatione,

70 3097 122 3158 vel
140 3090 234 3152 verbo
257 3091 331 3151 boni
352 3092 470 3174 aliquid
490 3096 598 3177 agitur.
640 3094 708 3154 Hoc
730 3097 808 3155 enim
835 3094 986 3179 significat
1004 3109 1033 3155 et
1051 3096 1140 3178 Apo·
1153 3119 1175 3162 1.
1186 3113 1240 3156 cor.
1248 3116 1316 3163 aaa.

40 3190 43 3197 '
71 3176 195 3253 stolus,
225 3198 294 3236 cum
312 3176 412 3236 dicit:
438 3178 501 3252 Qui
526 3189 625 3237 autem
649 3176 791 3240 aedificat
806 3201 897 3262 super
914 3180 1141 3239 fundamentum

70 3264 137 3325 hoc
164 3282 292 3336 aurum,
319 3275 494 3343 argentum,
516 3261 630 3344 lapides
658 3260 833 3346 pretiosos:
864 3264 1017 3346 triplicem
1036 3264 1142 3324 bono-

67 3368 145 3410 -rum
166 3348 301 3407 indicans
325 3348 412 3405 viam.
463 3344 630 3429 Sbbjuugit
651 3346 850 3407 nihilominus
873 3348 1025 3429 triplicem
1055 3351 1143 3408 etiam

72 3430 247 3506 malorum,
279 3451 346 3488 cum
376 3430 470 3506 dicit,
495 3429 597 3511 ligna,
626 3429 766 3509 foenum,
796 3431 947 3514 stipulam.
990 3433 1031 3492 Et
1051 3432 1143 3515 paulo
1202 3430 1205 3435 ’
1250 3428 1253 3433 ’

73 3526 168 3600 post:
201 3515 323 3575 Idcirco
354 3514 546 3596 igitur‚,qui
564 3513 664 3574 salvus
691 3513 749 3592 fit,
774 3537 829 3599 per
858 3504 956 3600 igndm
976 3516 1076 3587 salvus¹
1099 3513 1144 3591 fit,

74 3610 129 3674 ut,
167 3599 285 3681 siquid
309 3598 389 3659 sorte
413 3597 451 3657 de
477 3599 578 3678 specie
598 3596 718 3678 plumbi
741 3599 884 3660 habuerit
907 3603 1088 3676 admixtum,
1112 3598 1144 3658 id

76 3683 156 3766 ignis
179 3683 332 3765 decoquat
356 3693 385 3741 et
406 3681 561 3757 resolvat,
592 3693 628 3741 ut
647 3682 817 3745 efficiantur
837 3706 938 3744 omnes
955 3706 1064 3745 aurum
1085 3683 1146 3742 bo-

76 3787 170 3845 num.
207 3769 287 3844 Quia
311 3787 419 3826 aurum
439 3779 538 3826 terrac
567 3764 649 3824 illius
669 3765 783 3826 bonum
812 3790 874 3828 esse
897 3769 1028 3844 dicitur,
1055 3787 1146 3849 quam

77 3846 218 3925 babituri
252 3863 324 3911 sunt
348 3852 443 3910 sancti
455 3893 466 3926 ,
507 3860 538 3909 et
566 3850 645 3908 sicut
681 3848 790 3931 fornax
807 3852 921 3934 probat
950 3873 1075 3928 aurum,
1103 3845 1221 3910 sicEcoL
1238 3848 1279 3893 27.
1294 3838 1319 3888 ⁶·

78 3933 219 4005 homiues
245 3938 345 4017 justos
383 3937 522 3997 tentatio.
565 3928 758 3993 Veniendum
790 3948 835 3997 est
861 3957 932 4018 ergo
956 3936 1095 3997 omnibus
1108 3933 1147 3995 ad

78 4018 199 4100 ignem,
221 4019 399 4079 veniendum
424 4031 469 4081 est
490 4016 530 4078 ad
559 4013 781 4080 conflatorium.
824 4017 917 4080 Sedet
938 4023 1018 4081 euim
1037 4020 1321 4081 Domi-uanum.

76 4120 160 4178 nuc,
188 4116 219 4178 et
240 4101 374 4180 coullat,
406 4116 437 4163 et
457 4110 578 4188 purgat·
593 4095 676 4163 filios
703 4101 791 4164 luda.
851 4102 913 4163 Sed
934 4118 969 4166 et.
984 4105 1059 4183 illuc
1080 4126 1150 4181 eum

76 4186 217 4264 venitur,
240 4188 285 4269 si.
298 4189 367 4269 quis
403 4190 616 4272 multt„0p9¹'a
638 4186 738 4266 bona,
771 4199 801 4250 et
821 4209 930 4274 parum
951 4188 1149 4274 aliquidque}
1182 4214 1186 4219 ·

135 4310 244 4354 canisius
258 4312 284 4353 Τ.
297 4310 328 4354 11.
505 4334 510 4343 =
886 4313 932 4380 21
1237 4282 1242 4289 ⁶
