<?xml version="1.0" encoding="UTF-8"?>
<!DOCTYPE html PUBLIC "-//W3C//DTD XHTML 1.0 Transitional//EN"
    "http://www.w3.org/TR/xhtml1/DTD/xhtml1-transitional.dtd">
<html xmlns="http://www.w3.org/1999/xhtml" xml:lang="en" lang="en">
 <head>
  <title>
</title>
<meta http-equiv="Content-Type" content="text/html;charset=utf-8" />
  <meta name='ocr-system' content='tesseract 3.04.00' />
  <meta name='ocr-capabilities' content='ocr_page ocr_carea ocr_par ocr_line ocrx_word'/>
</head>
<body>
  <div class='ocr_page' id='page_1' title='image "./summadoctrinaec01kanigoog_0244.png"; bbox 0 0 2790 4792; ppageno 0'>
   <div class='ocr_carea' id='block_1_1' title="bbox 328 254 1224 389">
    <p class='ocr_par' dir='ltr' id='par_1_1' title="bbox 328 254 1224 389">
     <span class='ocr_line' id='line_1_1' title="bbox 328 254 1224 389; baseline 0.042 -33"><span class='ocrx_word' id='word_1_1' title='bbox 328 295 877 381; x_wconf 29' lang='lat' dir='ltr'>,aucusnasraau</span> <span class='ocrx_word' id='word_1_2' title='bbox 1064 315 1147 389; x_wconf 79' lang='lat' dir='ltr'>aaa</span> <span class='ocrx_word' id='word_1_3' title='bbox 1222 254 1224 259; x_wconf 30' lang='grc'><strong>’</strong></span> 
     </span>
    </p>
   </div>
   <div class='ocr_carea' id='block_1_2' title="bbox 46 483 1328 4245">
    <p class='ocr_par' dir='ltr' id='par_1_2' title="bbox 72 483 1147 981">
     <span class='ocr_line' id='line_1_2' title="bbox 73 483 1143 574; baseline -0.001 -19"><span class='ocrx_word' id='word_1_4' title='bbox 73 495 136 561; x_wconf 85' lang='lat' dir='ltr'>bus</span> <span class='ocrx_word' id='word_1_5' title='bbox 157 502 312 574; x_wconf 84' lang='lat' dir='ltr'>etpotus,</span> <span class='ocrx_word' id='word_1_6' title='bbox 335 507 398 569; x_wconf 91' lang='lat' dir='ltr'>quo</span> <span class='ocrx_word' id='word_1_7' title='bbox 421 483 459 547; x_wconf 90' lang='lat' dir='ltr'>ad</span> <span class='ocrx_word' id='word_1_8' title='bbox 475 485 686 566; x_wconf 75' lang='lat' dir='ltr'>vitamagunt</span> <span class='ocrx_word' id='word_1_9' title='bbox 709 485 910 568; x_wconf 81' lang='lat' dir='ltr'>corporalem,</span> <span class='ocrx_word' id='word_1_10' title='bbox 931 493 1143 572; x_wconf 83' lang='lat' dir='ltr'>sustentando,</span> 
     </span>
     <span class='ocr_line' id='line_1_3' title="bbox 75 567 1144 662; baseline 0.001 -24"><span class='ocrx_word' id='word_1_11' title='bbox 75 576 236 662; x_wconf 79' lang='lat' dir='ltr'>augendo,</span> <span class='ocrx_word' id='word_1_12' title='bbox 257 570 429 656; x_wconf 88' lang='lat' dir='ltr'>reparando</span> <span class='ocrx_word' id='word_1_13' title='bbox 455 581 486 630; x_wconf 87' lang='lat' dir='ltr'>et</span> <span class='ocrx_word' id='word_1_14' title='bbox 511 567 715 645; x_wconf 88' lang='lat' dir='ltr'>delectando,</span> <span class='ocrx_word' id='word_1_15' title='bbox 735 585 951 635; x_wconf 88' lang='lat' dir='ltr'>sacramentum</span> <span class='ocrx_word' id='word_1_16' title='bbox 973 572 1053 650; x_wconf 88' lang='lat' dir='ltr'>buc,</span> <span class='ocrx_word' id='word_1_17' title='bbox 1078 599 1144 660; x_wconf 86' lang='lat' dir='ltr'>quo</span> 
     </span>
     <span class='ocr_line' id='line_1_4' title="bbox 74 650 1147 740; baseline -0.007 -21"><span class='ocrx_word' id='word_1_18' title='bbox 74 663 115 737; x_wconf 79' lang='lat' dir='ltr'>ad</span> <span class='ocrx_word' id='word_1_19' title='bbox 139 663 232 721; x_wconf 78' lang='lat' dir='ltr'>vitam</span> <span class='ocrx_word' id='word_1_20' title='bbox 255 667 402 740; x_wconf 81' lang='lat' dir='ltr'><strong>operatur</strong></span> <span class='ocrx_word' id='word_1_21' title='bbox 431 653 640 736; x_wconf 83' lang='lat' dir='ltr'>spiritualem:</span> <span class='ocrx_word' id='word_1_22' title='bbox 674 653 706 710; x_wconf 93' lang='lat' dir='ltr'>iu</span> <span class='ocrx_word' id='word_1_23' title='bbox 737 674 800 734; x_wconf 87' lang='lat' dir='ltr'>quo</span> <span class='ocrx_word' id='word_1_24' title='bbox 837 669 951 738; x_wconf 66' lang='lat' dir='ltr'>gratam</span> <span class='ocrx_word' id='word_1_25' title='bbox 977 650 1147 724; x_wconf 56' lang='lat' dir='ltr'>Salvatofiff</span> 
     </span>
     <span class='ocr_line' id='line_1_5' title="bbox 72 735 1145 815; baseline -0.002 -8"><span class='ocrx_word' id='word_1_26' title='bbox 72 750 174 807; x_wconf 83' lang='lat' dir='ltr'>nostri</span> <span class='ocrx_word' id='word_1_27' title='bbox 196 761 381 803; x_wconf 80' lang='lat' dir='ltr'>recensemus</span> <span class='ocrx_word' id='word_1_28' title='bbox 399 740 600 812; x_wconf 81' lang='lat' dir='ltr'>memoriam,</span> <span class='ocrx_word' id='word_1_29' title='bbox 626 735 745 797; x_wconf 88' lang='lat' dir='ltr'>amalo</span> <span class='ocrx_word' id='word_1_30' title='bbox 769 739 976 815; x_wconf 85' lang='lat' dir='ltr'>retrahimur,</span> <span class='ocrx_word' id='word_1_31' title='bbox 1011 745 1145 807; x_wconf 76' lang='lat' dir='ltr'>confor-</span> 
     </span>
     <span class='ocr_line' id='line_1_6' title="bbox 74 821 1144 909; baseline 0 -22"><span class='ocrx_word' id='word_1_32' title='bbox 74 842 177 890; x_wconf 80' lang='lat' dir='ltr'>tamur</span> <span class='ocrx_word' id='word_1_33' title='bbox 205 829 235 887; x_wconf 93' lang='lat' dir='ltr'>in</span> <span class='ocrx_word' id='word_1_34' title='bbox 266 824 372 903; x_wconf 88' lang='lat' dir='ltr'>bonu,</span> <span class='ocrx_word' id='word_1_35' title='bbox 406 833 436 885; x_wconf 89' lang='lat' dir='ltr'>et</span> <span class='ocrx_word' id='word_1_36' title='bbox 471 821 511 882; x_wconf 88' lang='lat' dir='ltr'>ad</span> <span class='ocrx_word' id='word_1_37' title='bbox 534 822 684 908; x_wconf 53' lang='lat' dir='ltr'>‘virtutum</span> <span class='ocrx_word' id='word_1_38' title='bbox 712 832 744 883; x_wconf 87' lang='lat' dir='ltr'>et</span> <span class='ocrx_word' id='word_1_39' title='bbox 773 826 939 906; x_wconf 78' lang='lat' dir='ltr'>gratiarum</span> <span class='ocrx_word' id='word_1_40' title='bbox 959 826 1144 909; x_wconf 81' lang='lat' dir='ltr'>proficimus</span> 
     </span>
     <span class='ocr_line' id='line_1_7' title="bbox 74 907 1054 981; baseline -0.004 -8"><span class='ocrx_word' id='word_1_41' title='bbox 74 914 300 973; x_wconf 88' lang='lat' dir='ltr'>incrementum.</span> <span class='ocrx_word' id='word_1_42' title='bbox 664 976 666 981; x_wconf 52' lang='grc'>,</span> <span class='ocrx_word' id='word_1_43' title='bbox 957 968 959 973; x_wconf 23' lang='lat'><strong>⁴</strong></span> <span class='ocrx_word' id='word_1_44' title='bbox 1051 907 1054 915; x_wconf 80' lang='lat'>&#39;</span> 
     </span>
    </p>

    <p class='ocr_par' dir='ltr' id='par_1_3' title="bbox 69 984 1142 1165">
     <span class='ocr_line' id='line_1_8' title="bbox 157 984 1142 1068; baseline -0.001 -14"><span class='ocrx_word' id='word_1_45' title='bbox 157 1009 186 1062; x_wconf 81' lang='lat'>2.</span> <span class='ocrx_word' id='word_1_46' title='bbox 228 984 553 1066; x_wconf 81' lang='lat' dir='ltr'>CHRYSOSTOMUS</span> <span class='ocrx_word' id='word_1_47' title='bbox 585 984 669 1048; x_wconf 88' lang='lat' dir='ltr'>bom.</span> <span class='ocrx_word' id='word_1_48' title='bbox 704 998 755 1068; x_wconf 70' lang='lat'>45.</span> <span class='ocrx_word' id='word_1_49' title='bbox 782 988 815 1050; x_wconf 87' lang='lat' dir='ltr'>in</span> <span class='ocrx_word' id='word_1_50' title='bbox 849 989 937 1051; x_wconf 84' lang='lat' dir='ltr'>Joan.</span> <span class='ocrx_word' id='word_1_51' title='bbox 973 1004 1005 1056; x_wconf 85' lang='lat' dir='ltr'>et</span> <span class='ocrx_word' id='word_1_52' title='bbox 1021 1006 1073 1064; x_wconf 82' lang='grc'><strong>61.</strong></span> <span class='ocrx_word' id='word_1_53' title='bbox 1100 984 1142 1058; x_wconf 83' lang='lat' dir='ltr'>ad</span> 
     </span>
     <span class='ocr_line' id='line_1_9' title="bbox 69 1072 968 1165; baseline -0.012 -25"><span class='ocrx_word' id='word_1_54' title='bbox 69 1079 221 1165; x_wconf 91' lang='lat' dir='ltr'>populum</span> <span class='ocrx_word' id='word_1_55' title='bbox 246 1074 414 1144; x_wconf 80' lang='lat' dir='ltr'>Antioch.‚</span> <span class='ocrx_word' id='word_1_56' title='bbox 449 1082 620 1153; x_wconf 89' lang='lat' dir='ltr'>utsupra,</span> <span class='ocrx_word' id='word_1_57' title='bbox 650 1084 764 1153; x_wconf 90' lang='lat' dir='ltr'>quaest.</span> <span class='ocrx_word' id='word_1_58' title='bbox 787 1087 834 1149; x_wconf 82' lang='lat'>1.,</span> <span class='ocrx_word' id='word_1_59' title='bbox 855 1072 889 1134; x_wconf 91' lang='lat' dir='ltr'>B.</span> <span class='ocrx_word' id='word_1_60' title='bbox 909 1087 939 1142; x_wconf 79' lang='lat'>5.</span> <span class='ocrx_word' id='word_1_61' title='bbox 965 1122 968 1129; x_wconf 95' lang='lat'>.</span> 
     </span>
    </p>

    <p class='ocr_par' dir='ltr' id='par_1_4' title="bbox 46 1153 929 1232">
     <span class='ocr_line' id='line_1_10' title="bbox 46 1153 929 1232; baseline 0.001 -15"><span class='ocrx_word' id='word_1_62' title='bbox 46 1212 50 1217; x_wconf 80' lang='lat'>.</span> <span class='ocrx_word' id='word_1_63' title='bbox 153 1177 183 1232; x_wconf 75' lang='lat'>3.</span> <span class='ocrx_word' id='word_1_64' title='bbox 224 1157 422 1224; x_wconf 83' lang='lat' dir='ltr'>HILARIUS.</span> <span class='ocrx_word' id='word_1_65' title='bbox 438 1155 492 1214; x_wconf 89' lang='lat' dir='ltr'>lib.</span> <span class='ocrx_word' id='word_1_66' title='bbox 514 1168 545 1222; x_wconf 83' lang='lat'>8.</span> <span class='ocrx_word' id='word_1_67' title='bbox 563 1153 601 1214; x_wconf 89' lang='lat' dir='ltr'>de</span> <span class='ocrx_word' id='word_1_68' title='bbox 621 1155 751 1232; x_wconf 83' lang='lat' dir='ltr'>Trinit,</span> <span class='ocrx_word' id='word_1_69' title='bbox 775 1156 853 1219; x_wconf 91' lang='lat' dir='ltr'>ibid.</span> <span class='ocrx_word' id='word_1_70' title='bbox 879 1171 929 1228; x_wconf 79' lang='grc'><strong>11.</strong></span> 
     </span>
    </p>

    <p class='ocr_par' dir='ltr' id='par_1_5' title="bbox 66 1236 1323 1910">
     <span class='ocr_line' id='line_1_11' title="bbox 157 1236 1142 1321; baseline 0.005 -21"><span class='ocrx_word' id='word_1_71' title='bbox 157 1242 192 1316; x_wconf 51' lang='lat' dir='ltr'>4ss</span> <span class='ocrx_word' id='word_1_72' title='bbox 227 1245 313 1307; x_wconf 86' lang='lat' dir='ltr'>LEO</span> <span class='ocrx_word' id='word_1_73' title='bbox 348 1241 444 1300; x_wconf 88' lang='lat' dir='ltr'>Serm.</span> <span class='ocrx_word' id='word_1_74' title='bbox 479 1250 528 1311; x_wconf 75' lang='grc'><strong>14.</strong></span> <span class='ocrx_word' id='word_1_75' title='bbox 562 1236 601 1298; x_wconf 89' lang='lat' dir='ltr'>de</span> <span class='ocrx_word' id='word_1_76' title='bbox 633 1241 771 1321; x_wconf 80' lang='lat' dir='ltr'>passione</span> <span class='ocrx_word' id='word_1_77' title='bbox 788 1242 929 1301; x_wconf 83' lang='lat' dir='ltr'>Domini:</span> <span class='ocrx_word' id='word_1_78' title='bbox 962 1243 1034 1305; x_wconf 86' lang='lat' dir='ltr'>Nou</span> <span class='ocrx_word' id='word_1_79' title='bbox 1056 1241 1142 1305; x_wconf 91' lang='lat' dir='ltr'>aliud</span> 
     </span>
     <span class='ocr_line' id='line_1_12' title="bbox 70 1323 1143 1417; baseline -0.006 -23"><span class='ocrx_word' id='word_1_80' title='bbox 70 1333 132 1417; x_wconf 78' lang='lat' dir='ltr'>agit</span> <span class='ocrx_word' id='word_1_81' title='bbox 162 1327 361 1412; x_wconf 88' lang='lat' dir='ltr'>participatio</span> <span class='ocrx_word' id='word_1_82' title='bbox 381 1323 521 1404; x_wconf 82' lang='lat' dir='ltr'>corporis</span> <span class='ocrx_word' id='word_1_83' title='bbox 544 1332 575 1382; x_wconf 90' lang='lat' dir='ltr'>et</span> <span class='ocrx_word' id='word_1_84' title='bbox 596 1324 751 1407; x_wconf 83' lang='lat' dir='ltr'>sanguinis</span> <span class='ocrx_word' id='word_1_85' title='bbox 771 1325 954 1404; x_wconf 85' lang='lat' dir='ltr'>CHRISTI,</span> <span class='ocrx_word' id='word_1_86' title='bbox 992 1348 1084 1408; x_wconf 91' lang='lat' dir='ltr'>quam</span> <span class='ocrx_word' id='word_1_87' title='bbox 1104 1337 1143 1389; x_wconf 90' lang='lat' dir='ltr'>ut</span> 
     </span>
     <span class='ocr_line' id='line_1_13' title="bbox 69 1396 1315 1494; baseline -0.009 -17"><span class='ocrx_word' id='word_1_88' title='bbox 69 1419 101 1477; x_wconf 90' lang='lat' dir='ltr'>in</span> <span class='ocrx_word' id='word_1_89' title='bbox 131 1414 180 1491; x_wconf 86' lang='lat' dir='ltr'>id,</span> <span class='ocrx_word' id='word_1_90' title='bbox 216 1411 305 1494; x_wconf 84' lang='lat' dir='ltr'>quod</span> <span class='ocrx_word' id='word_1_91' title='bbox 328 1408 495 1481; x_wconf 87' lang='lat' dir='ltr'>sumimus,</span> <span class='ocrx_word' id='word_1_92' title='bbox 532 1396 735 1467; x_wconf 80' lang='lat' dir='ltr'>tianseamus:</span> <span class='ocrx_word' id='word_1_93' title='bbox 767 1421 797 1468; x_wconf 87' lang='lat' dir='ltr'>et</span> <span class='ocrx_word' id='word_1_94' title='bbox 815 1410 847 1469; x_wconf 89' lang='lat' dir='ltr'>in</span> <span class='ocrx_word' id='word_1_95' title='bbox 870 1431 934 1491; x_wconf 91' lang='lat' dir='ltr'>qno</span> <span class='ocrx_word' id='word_1_96' title='bbox 953 1413 1086 1488; x_wconf 86' lang='lat' dir='ltr'>mortui,</span> <span class='ocrx_word' id='word_1_97' title='bbox 1110 1415 1315 1482; x_wconf 64' lang='lat' dir='ltr'>strataque</span> 
     </span>
     <span class='ocr_line' id='line_1_14' title="bbox 67 1485 1284 1584; baseline -0.002 -26"><span class='ocrx_word' id='word_1_98' title='bbox 67 1498 203 1584; x_wconf 79' lang='lat' dir='ltr'>sepulti,</span> <span class='ocrx_word' id='word_1_99' title='bbox 220 1508 251 1557; x_wconf 91' lang='lat' dir='ltr'>et</span> <span class='ocrx_word' id='word_1_100' title='bbox 270 1491 503 1565; x_wconf 80' lang='lat' dir='ltr'>conresuscitati</span> <span class='ocrx_word' id='word_1_101' title='bbox 522 1510 645 1567; x_wconf 88' lang='lat' dir='ltr'>sumus,</span> <span class='ocrx_word' id='word_1_102' title='bbox 669 1493 767 1574; x_wconf 88' lang='lat' dir='ltr'>ipsum</span> <span class='ocrx_word' id='word_1_103' title='bbox 782 1513 839 1573; x_wconf 88' lang='lat' dir='ltr'>per</span> <span class='ocrx_word' id='word_1_104' title='bbox 859 1496 960 1554; x_wconf 89' lang='lat' dir='ltr'>omnia</span> <span class='ocrx_word' id='word_1_105' title='bbox 985 1505 1017 1555; x_wconf 89' lang='lat' dir='ltr'>et</span> <span class='ocrx_word' id='word_1_106' title='bbox 1030 1496 1140 1578; x_wconf 88' lang='lat' dir='ltr'>spiritu</span> <span class='ocrx_word' id='word_1_107' title='bbox 1150 1485 1284 1565; x_wconf 52' lang='lat' dir='ltr'>ida&#39;lffii.</span> 
     </span>
     <span class='ocr_line' id='line_1_15' title="bbox 68 1571 1323 1660; baseline -0.002 -16"><span class='ocrx_word' id='word_1_108' title='bbox 68 1596 101 1644; x_wconf 87' lang='lat' dir='ltr'>et</span> <span class='ocrx_word' id='word_1_109' title='bbox 122 1600 212 1641; x_wconf 88' lang='lat' dir='ltr'>carne</span> <span class='ocrx_word' id='word_1_110' title='bbox 236 1589 408 1660; x_wconf 74' lang='lat' dir='ltr'>gestemus,</span> <span class='ocrx_word' id='word_1_111' title='bbox 430 1573 550 1633; x_wconf 87' lang='lat' dir='ltr'>dicente</span> <span class='ocrx_word' id='word_1_112' title='bbox 569 1571 739 1656; x_wconf 72' lang='lat' dir='ltr'>Apostoloz</span> <span class='ocrx_word' id='word_1_113' title='bbox 761 1577 878 1637; x_wconf 87' lang='lat' dir='ltr'>Mortui</span> <span class='ocrx_word' id='word_1_114' title='bbox 895 1580 974 1639; x_wconf 90' lang='lat' dir='ltr'>enim</span> <span class='ocrx_word' id='word_1_115' title='bbox 999 1580 1085 1656; x_wconf 88' lang='lat' dir='ltr'>estis,</span> <span class='ocrx_word' id='word_1_116' title='bbox 1110 1572 1278 1642; x_wconf 72' lang='lat' dir='ltr'>et⁰⁰¹⁰⁸·⁵’</span> <span class='ocrx_word' id='word_1_117' title='bbox 1290 1577 1323 1632; x_wconf 74' lang='lat'>³·-</span> 
     </span>
     <span class='ocr_line' id='line_1_16' title="bbox 66 1657 1149 1726; baseline -0.006 1"><span class='ocrx_word' id='word_1_118' title='bbox 66 1669 132 1726; x_wconf 85' lang='lat' dir='ltr'>vita</span> <span class='ocrx_word' id='word_1_119' title='bbox 163 1673 263 1722; x_wconf 81' lang='lat' dir='ltr'>vestra</span> <span class='ocrx_word' id='word_1_120' title='bbox 297 1657 476 1718; x_wconf 89' lang='lat' dir='ltr'>abscondita</span> <span class='ocrx_word' id='word_1_121' title='bbox 510 1668 556 1716; x_wconf 89' lang='lat' dir='ltr'>est</span> <span class='ocrx_word' id='word_1_122' title='bbox 585 1678 655 1717; x_wconf 89' lang='lat' dir='ltr'>cum</span> <span class='ocrx_word' id='word_1_123' title='bbox 699 1659 874 1721; x_wconf 86' lang='lat' dir='ltr'>CHRISTO</span> <span class='ocrx_word' id='word_1_124' title='bbox 897 1662 1021 1724; x_wconf 87' lang='lat' dir='ltr'>iuDeo.</span> <span class='ocrx_word' id='word_1_125' title='bbox 1064 1663 1149 1725; x_wconf 88' lang='lat' dir='ltr'>Cum.</span> 
     </span>
     <span class='ocr_line' id='line_1_17' title="bbox 69 1741 1142 1824; baseline 0.004 -15"><span class='ocrx_word' id='word_1_126' title='bbox 69 1751 152 1809; x_wconf 87' lang='lat' dir='ltr'>euim</span> <span class='ocrx_word' id='word_1_127' title='bbox 186 1741 381 1806; x_wconf 86' lang='lat' dir='ltr'>CHRISTUS</span> <span class='ocrx_word' id='word_1_128' title='bbox 414 1744 592 1824; x_wconf 88' lang='lat' dir='ltr'>apparuerit</span> <span class='ocrx_word' id='word_1_129' title='bbox 617 1744 678 1804; x_wconf 87' lang='lat' dir='ltr'>vita</span> <span class='ocrx_word' id='word_1_130' title='bbox 701 1755 824 1821; x_wconf 79' lang='lat' dir='ltr'>restra,</span> <span class='ocrx_word' id='word_1_131' title='bbox 853 1757 926 1806; x_wconf 87' lang='lat' dir='ltr'>tuuc</span> <span class='ocrx_word' id='word_1_132' title='bbox 944 1757 975 1808; x_wconf 90' lang='lat' dir='ltr'>et</span> <span class='ocrx_word' id='word_1_133' title='bbox 991 1766 1047 1823; x_wconf 69' lang='lat' dir='ltr'>yos,</span> <span class='ocrx_word' id='word_1_134' title='bbox 1070 1768 1142 1812; x_wconf 77' lang='lat' dir='ltr'>curu</span> 
     </span>
     <span class='ocr_line' id='line_1_18' title="bbox 71 1824 1056 1910; baseline -0.007 -22"><span class='ocrx_word' id='word_1_135' title='bbox 71 1828 249 1895; x_wconf 83' lang='lat' dir='ltr'>CHRISTO</span> <span class='ocrx_word' id='word_1_136' title='bbox 271 1825 458 1910; x_wconf 77' lang='lat' dir='ltr'>apparebitis</span> <span class='ocrx_word' id='word_1_137' title='bbox 477 1828 509 1885; x_wconf 91' lang='lat' dir='ltr'>iu</span> <span class='ocrx_word' id='word_1_138' title='bbox 530 1824 656 1908; x_wconf 54' lang='lat' dir='ltr'>gloria„</span> <span class='ocrx_word' id='word_1_139' title='bbox 954 1876 957 1881; x_wconf 94' lang='lat'>.</span> <span class='ocrx_word' id='word_1_140' title='bbox 1051 1836 1056 1853; x_wconf 83' lang='lat'>¹</span> 
     </span>
    </p>

    <p class='ocr_par' dir='ltr' id='par_1_6' title="bbox 71 1907 1140 2083">
     <span class='ocr_line' id='line_1_19' title="bbox 156 1907 1140 1995; baseline 0.005 -24"><span class='ocrx_word' id='word_1_141' title='bbox 156 1926 186 1979; x_wconf 83' lang='lat'>5.</span> <span class='ocrx_word' id='word_1_142' title='bbox 207 1941 208 1945; x_wconf 65' lang='lat'>,</span> <span class='ocrx_word' id='word_1_143' title='bbox 229 1909 434 1971; x_wconf 87' lang='lat' dir='ltr'>CYRILLUS·</span> <span class='ocrx_word' id='word_1_144' title='bbox 454 1910 483 1967; x_wconf 85' lang='lat' dir='ltr'>‘n</span> <span class='ocrx_word' id='word_1_145' title='bbox 517 1909 608 1974; x_wconf 79' lang='lat' dir='ltr'>Joau.</span> <span class='ocrx_word' id='word_1_146' title='bbox 635 1908 670 1969; x_wconf 83' lang='lat'>1..</span> <span class='ocrx_word' id='word_1_147' title='bbox 701 1907 756 1971; x_wconf 90' lang='lat' dir='ltr'>Xl.</span> <span class='ocrx_word' id='word_1_148' title='bbox 779 1924 937 1995; x_wconf 63' lang='lat' dir='ltr'>cap-aaa</span> <span class='ocrx_word' id='word_1_149' title='bbox 972 1912 1050 1975; x_wconf 87' lang='lat' dir='ltr'>Item</span> <span class='ocrx_word' id='word_1_150' title='bbox 1083 1911 1140 1977; x_wconf 83' lang='lat' dir='ltr'>lib.</span> 
     </span>
     <span class='ocr_line' id='line_1_20' title="bbox 71 1991 1139 2083; baseline -0.01 -13"><span class='ocrx_word' id='word_1_151' title='bbox 71 2012 144 2075; x_wconf 70' lang='lat'>10⁸.)</span> <span class='ocrx_word' id='word_1_152' title='bbox 183 2007 348 2078; x_wconf 48' lang='lat' dir='ltr'>“pf-13³</span> <span class='ocrx_word' id='word_1_153' title='bbox 381 1993 424 2053; x_wconf 86' lang='lat' dir='ltr'>Et</span> <span class='ocrx_word' id='word_1_154' title='bbox 444 1991 498 2051; x_wconf 69' lang='lat' dir='ltr'>lib·</span> <span class='ocrx_word' id='word_1_155' title='bbox 518 2004 565 2069; x_wconf 67' lang='lat' dir='ltr'>b,</span> <span class='ocrx_word' id='word_1_156' title='bbox 593 2013 659 2078; x_wconf 75' lang='lat' dir='ltr'>cap·</span> <span class='ocrx_word' id='word_1_157' title='bbox 684 2005 756 2063; x_wconf 58' lang='lat' dir='ltr'>tta</span> <span class='ocrx_word' id='word_1_158' title='bbox 785 2007 937 2081; x_wconf 81' lang='lat' dir='ltr'>utsupra</span> <span class='ocrx_word' id='word_1_159' title='bbox 959 2009 1074 2083; x_wconf 84' lang='lat' dir='ltr'>quaest.</span> <span class='ocrx_word' id='word_1_160' title='bbox 1098 2011 1139 2079; x_wconf 85' lang='grc'><strong>1.,</strong></span> 
     </span>
    </p>

    <p class='ocr_par' dir='ltr' id='par_1_7' title="bbox 68 2081 1155 2157">
     <span class='ocr_line' id='line_1_21' title="bbox 68 2081 1155 2157; baseline -0.006 -16"><span class='ocrx_word' id='word_1_161' title='bbox 68 2085 104 2147; x_wconf 87' lang='lat' dir='ltr'>B.</span> <span class='ocrx_word' id='word_1_162' title='bbox 134 2081 277 2147; x_wconf 81' lang='lat' dir='ltr'>auctorit.</span> <span class='ocrx_word' id='word_1_163' title='bbox 303 2091 333 2147; x_wconf 84' lang='grc'><strong>9.</strong></span> <span class='ocrx_word' id='word_1_164' title='bbox 369 2087 400 2136; x_wconf 90' lang='lat' dir='ltr'>et</span> <span class='ocrx_word' id='word_1_165' title='bbox 421 2087 558 2157; x_wconf 81' lang='lat' dir='ltr'>sequent</span> <span class='ocrx_word' id='word_1_166' title='bbox 753 2119 756 2126; x_wconf 75' lang='lat'>·</span> <span class='ocrx_word' id='word_1_167' title='bbox 1067 2136 1069 2141; x_wconf 82' lang='grc'>,</span> <span class='ocrx_word' id='word_1_168' title='bbox 1152 2094 1155 2103; x_wconf 66' lang='lat'><strong><em>‘</em></strong></span> 
     </span>
    </p>

    <p class='ocr_par' dir='ltr' id='par_1_8' title="bbox 71 2159 1328 2917">
     <span class='ocr_line' id='line_1_22' title="bbox 155 2159 1140 2248; baseline 0.007 -28"><span class='ocrx_word' id='word_1_169' title='bbox 155 2177 184 2232; x_wconf 83' lang='lat'>1.</span> <span class='ocrx_word' id='word_1_170' title='bbox 226 2165 265 2224; x_wconf 93' lang='lat' dir='ltr'>D.</span> <span class='ocrx_word' id='word_1_171' title='bbox 309 2159 1140 2248; x_wconf 76' lang='lat' dir='ltr'>CONCILIUMNiceuum&#39;primum,can.12.aDe</span> 
     </span>
     <span class='ocr_line' id='line_1_23' title="bbox 71 2244 1141 2331; baseline -0.003 -19"><span class='ocrx_word' id='word_1_172' title='bbox 71 2249 119 2312; x_wconf 91' lang='lat' dir='ltr'>bis</span> <span class='ocrx_word' id='word_1_173' title='bbox 151 2268 244 2324; x_wconf 81' lang='lat' dir='ltr'>vero,</span> <span class='ocrx_word' id='word_1_174' title='bbox 275 2247 328 2329; x_wconf 91' lang='lat' dir='ltr'>qui</span> <span class='ocrx_word' id='word_1_175' title='bbox 350 2244 499 2307; x_wconf 90' lang='lat' dir='ltr'>recedunt</span> <span class='ocrx_word' id='word_1_176' title='bbox 523 2264 557 2305; x_wconf 86' lang='lat' dir='ltr'>ex</span> <span class='ocrx_word' id='word_1_177' title='bbox 574 2266 729 2327; x_wconf 89' lang='lat' dir='ltr'>corpore,</span> <span class='ocrx_word' id='word_1_178' title='bbox 779 2250 921 2328; x_wconf 90' lang='lat' dir='ltr'>autiquae</span> <span class='ocrx_word' id='word_1_179' title='bbox 945 2248 1019 2331; x_wconf 78' lang='lat' dir='ltr'>legis</span> <span class='ocrx_word' id='word_1_180' title='bbox 1036 2249 1141 2329; x_wconf 81' lang='lat' dir='ltr'>regula</span> 
     </span>
     <span class='ocr_line' id='line_1_24' title="bbox 76 2329 1169 2411; baseline -0.005 -17"><span class='ocrx_word' id='word_1_181' title='bbox 76 2331 288 2394; x_wconf 84' lang='lat' dir='ltr'>observabitur</span> <span class='ocrx_word' id='word_1_182' title='bbox 307 2331 396 2391; x_wconf 90' lang='lat' dir='ltr'>etiam</span> <span class='ocrx_word' id='word_1_183' title='bbox 421 2349 523 2405; x_wconf 92' lang='lat' dir='ltr'>nuuc,</span> <span class='ocrx_word' id='word_1_184' title='bbox 549 2329 590 2387; x_wconf 89' lang='lat' dir='ltr'>ita</span> <span class='ocrx_word' id='word_1_185' title='bbox 610 2339 647 2388; x_wconf 89' lang='lat' dir='ltr'>ut</span> <span class='ocrx_word' id='word_1_186' title='bbox 667 2329 748 2389; x_wconf 87' lang='lat' dir='ltr'>forte</span> <span class='ocrx_word' id='word_1_187' title='bbox 773 2332 840 2411; x_wconf 90' lang='lat' dir='ltr'>quis</span> <span class='ocrx_word' id='word_1_188' title='bbox 864 2330 989 2390; x_wconf 88' lang='lat' dir='ltr'>recedat</span> <span class='ocrx_word' id='word_1_189' title='bbox 1010 2351 1045 2403; x_wconf 78' lang='lat' dir='ltr'>et</span> <span class='ocrx_word' id='word_1_190' title='bbox 1067 2351 1142 2391; x_wconf 85' lang='lat' dir='ltr'>cor·</span> <span class='ocrx_word' id='word_1_191' title='bbox 1168 2371 1169 2375; x_wconf 65' lang='lat'>,</span> 
     </span>
     <span class='ocr_line' id='line_1_25' title="bbox 74 2410 1285 2503; baseline -0.005 -24"><span class='ocrx_word' id='word_1_192' title='bbox 74 2439 169 2503; x_wconf 87' lang='lat' dir='ltr'>pore,</span> <span class='ocrx_word' id='word_1_193' title='bbox 199 2415 307 2477; x_wconf 91' lang='lat' dir='ltr'>ultimo</span> <span class='ocrx_word' id='word_1_194' title='bbox 324 2415 498 2473; x_wconf 86' lang='lat' dir='ltr'>necessario</span> <span class='ocrx_word' id='word_1_195' title='bbox 517 2410 596 2469; x_wconf 84' lang='lat' dir='ltr'>vitae</span> <span class='ocrx_word' id='word_1_196' title='bbox 618 2429 691 2471; x_wconf 90' lang='lat' dir='ltr'>suae</span> <span class='ocrx_word' id='word_1_197' title='bbox 712 2413 826 2472; x_wconf 84' lang='lat' dir='ltr'>viatico</span> <span class='ocrx_word' id='word_1_198' title='bbox 846 2432 910 2471; x_wconf 92' lang='lat' dir='ltr'>nou</span> <span class='ocrx_word' id='word_1_199' title='bbox 931 2412 1140 2474; x_wconf 87' lang='lat' dir='ltr'>defraudetur.</span> <span class='ocrx_word' id='word_1_200' title='bbox 1168 2436 1285 2480; x_wconf 69' lang='lat' dir='ltr'>viserem</span> 
     </span>
     <span class='ocr_line' id='line_1_26' title="bbox 76 2489 1328 2581; baseline -0.004 -19"><span class='ocrx_word' id='word_1_201' title='bbox 76 2502 169 2578; x_wconf 90' lang='lat' dir='ltr'>Quod</span> <span class='ocrx_word' id='word_1_202' title='bbox 192 2501 218 2560; x_wconf 92' lang='lat' dir='ltr'>si</span> <span class='ocrx_word' id='word_1_203' title='bbox 239 2500 415 2581; x_wconf 87' lang='lat' dir='ltr'>desperatus</span> <span class='ocrx_word' id='word_1_204' title='bbox 433 2495 565 2575; x_wconf 86' lang='lat' dir='ltr'>aliquis,</span> <span class='ocrx_word' id='word_1_205' title='bbox 592 2504 718 2574; x_wconf 89' lang='lat' dir='ltr'>accepta</span> <span class='ocrx_word' id='word_1_206' title='bbox 735 2498 950 2555; x_wconf 88' lang='lat' dir='ltr'>communione</span> <span class='ocrx_word' id='word_1_207' title='bbox 964 2497 1142 2580; x_wconf 82' lang='lat' dir='ltr'>supervite-</span> <span class='ocrx_word' id='word_1_208' title='bbox 1156 2489 1328 2537; x_wconf 41' lang='lat' dir='ltr'>notionum*</span> 
     </span>
     <span class='ocr_line' id='line_1_27' title="bbox 73 2574 1141 2662; baseline -0.005 -15"><span class='ocrx_word' id='word_1_209' title='bbox 73 2589 130 2661; x_wconf 89' lang='lat' dir='ltr'>rit,</span> <span class='ocrx_word' id='word_1_210' title='bbox 165 2587 205 2646; x_wconf 89' lang='lat' dir='ltr'>sit</span> <span class='ocrx_word' id='word_1_211' title='bbox 225 2588 304 2662; x_wconf 82' lang='lat' dir='ltr'>inter</span> <span class='ocrx_word' id='word_1_212' title='bbox 327 2602 395 2655; x_wconf 86' lang='lat' dir='ltr'>eos,</span> <span class='ocrx_word' id='word_1_213' title='bbox 429 2581 483 2658; x_wconf 91' lang='lat' dir='ltr'>qui</span> <span class='ocrx_word' id='word_1_214' title='bbox 506 2574 574 2635; x_wconf 87' lang='lat' dir='ltr'>sola</span> <span class='ocrx_word' id='word_1_215' title='bbox 602 2579 743 2636; x_wconf 89' lang='lat' dir='ltr'>oratioue</span> <span class='ocrx_word' id='word_1_216' title='bbox 769 2582 1013 2658; x_wconf 87' lang='lat' dir='ltr'>communicant,</span> <span class='ocrx_word' id='word_1_217' title='bbox 1042 2580 1141 2642; x_wconf 91' lang='lat' dir='ltr'>donec</span> 
     </span>
     <span class='ocr_line' id='line_1_28' title="bbox 75 2660 1143 2747; baseline -0.005 -15"><span class='ocrx_word' id='word_1_218' title='bbox 75 2681 220 2732; x_wconf 85' lang='lat' dir='ltr'>statutum</span> <span class='ocrx_word' id='word_1_219' title='bbox 244 2681 362 2747; x_wconf 89' lang='lat' dir='ltr'>tempus</span> <span class='ocrx_word' id='word_1_220' title='bbox 388 2660 592 2743; x_wconf 89' lang='lat' dir='ltr'>compleatur.</span> <span class='ocrx_word' id='word_1_221' title='bbox 643 2660 692 2722; x_wconf 90' lang='lat' dir='ltr'>De</span> <span class='ocrx_word' id='word_1_222' title='bbox 715 2663 856 2723; x_wconf 90' lang='lat' dir='ltr'>omnibus</span> <span class='ocrx_word' id='word_1_223' title='bbox 872 2675 972 2724; x_wconf 87' lang='lat' dir='ltr'>tamen</span> <span class='ocrx_word' id='word_1_224' title='bbox 991 2664 1039 2725; x_wconf 92' lang='lat' dir='ltr'>bis</span> <span class='ocrx_word' id='word_1_225' title='bbox 1051 2709 1062 2743; x_wconf 96' lang='lat'>,</span> <span class='ocrx_word' id='word_1_226' title='bbox 1086 2668 1143 2747; x_wconf 90' lang='lat' dir='ltr'>qui</span> 
     </span>
     <span class='ocr_line' id='line_1_29' title="bbox 74 2741 1143 2836; baseline -0.001 -22"><span class='ocrx_word' id='word_1_227' title='bbox 74 2776 93 2817; x_wconf 87' lang='lat' dir='ltr'>a</span> <span class='ocrx_word' id='word_1_228' title='bbox 111 2773 242 2836; x_wconf 89' lang='lat' dir='ltr'>corpore</span> <span class='ocrx_word' id='word_1_229' title='bbox 261 2748 425 2820; x_wconf 89' lang='lat' dir='ltr'>recedunt,</span> <span class='ocrx_word' id='word_1_230' title='bbox 448 2757 478 2804; x_wconf 89' lang='lat' dir='ltr'>et</span> <span class='ocrx_word' id='word_1_231' title='bbox 501 2741 725 2805; x_wconf 83' lang='lat' dir='ltr'>Eucharistiam</span> <span class='ocrx_word' id='word_1_232' title='bbox 745 2747 923 2830; x_wconf 91' lang='lat' dir='ltr'>postulant,</span> <span class='ocrx_word' id='word_1_233' title='bbox 946 2750 978 2819; x_wconf 84' lang='lat' dir='ltr'>in</span> <span class='ocrx_word' id='word_1_234' title='bbox 993 2749 1143 2814; x_wconf 84' lang='lat' dir='ltr'>tradenda</span> 
     </span>
     <span class='ocr_line' id='line_1_30' title="bbox 75 2827 932 2917; baseline -0.006 -18"><span class='ocrx_word' id='word_1_235' title='bbox 75 2843 118 2902; x_wconf 88' lang='lat' dir='ltr'>eis</span> <span class='ocrx_word' id='word_1_236' title='bbox 144 2834 358 2897; x_wconf 89' lang='lat' dir='ltr'>communione</span> <span class='ocrx_word' id='word_1_237' title='bbox 389 2848 463 2887; x_wconf 90' lang='lat' dir='ltr'>cura</span> <span class='ocrx_word' id='word_1_238' title='bbox 490 2839 521 2887; x_wconf 89' lang='lat' dir='ltr'>et</span> <span class='ocrx_word' id='word_1_239' title='bbox 542 2827 688 2909; x_wconf 87' lang='lat' dir='ltr'>probatio</span> <span class='ocrx_word' id='word_1_240' title='bbox 720 2833 759 2892; x_wconf 87' lang='lat' dir='ltr'>sit</span> <span class='ocrx_word' id='word_1_241' title='bbox 776 2833 932 2917; x_wconf 86' lang='lat' dir='ltr'>Episcopi.</span> 
     </span>
    </p>

    <p class='ocr_par' dir='ltr' id='par_1_9' title="bbox 74 2910 1208 3257">
     <span class='ocr_line' id='line_1_31' title="bbox 160 2910 1208 2994; baseline 0.009 -22"><span class='ocrx_word' id='word_1_242' title='bbox 160 2934 189 2985; x_wconf 79' lang='lat'>2.</span> <span class='ocrx_word' id='word_1_243' title='bbox 234 2910 461 2994; x_wconf 85' lang='lat' dir='ltr'>CONCILIUM</span> <span class='ocrx_word' id='word_1_244' title='bbox 488 2911 665 2974; x_wconf 85' lang='lat' dir='ltr'>Arelatense</span> <span class='ocrx_word' id='word_1_245' title='bbox 694 2918 878 2993; x_wconf 90' lang='lat' dir='ltr'>secuudum,</span> <span class='ocrx_word' id='word_1_246' title='bbox 905 2938 970 2979; x_wconf 89' lang='lat' dir='ltr'>can.</span> <span class='ocrx_word' id='word_1_247' title='bbox 992 2931 1063 2987; x_wconf 69' lang='lat'>12:</span> <span class='ocrx_word' id='word_1_248' title='bbox 1094 2919 1144 2980; x_wconf 87' lang='lat' dir='ltr'>De</span> <span class='ocrx_word' id='word_1_249' title='bbox 1200 2910 1208 2924; x_wconf 53' lang='lat'>⁸</span> 
     </span>
     <span class='ocr_line' id='line_1_32' title="bbox 74 2996 1145 3085; baseline 0.002 -25"><span class='ocrx_word' id='word_1_250' title='bbox 74 3005 143 3078; x_wconf 80' lang='lat' dir='ltr'>his,</span> <span class='ocrx_word' id='word_1_251' title='bbox 178 3000 233 3082; x_wconf 89' lang='lat' dir='ltr'>qui</span> <span class='ocrx_word' id='word_1_252' title='bbox 261 3001 292 3056; x_wconf 91' lang='lat' dir='ltr'>iu</span> <span class='ocrx_word' id='word_1_253' title='bbox 318 2996 500 3079; x_wconf 88' lang='lat' dir='ltr'>poenitentia</span> <span class='ocrx_word' id='word_1_254' title='bbox 527 2997 624 3079; x_wconf 85' lang='lat' dir='ltr'>positi¹</span> <span class='ocrx_word' id='word_1_255' title='bbox 646 2999 738 3059; x_wconf 83' lang='lat' dir='ltr'>vitam</span> <span class='ocrx_word' id='word_1_256' title='bbox 772 3014 987 3076; x_wconf 81' lang='lat' dir='ltr'>excesserunt,</span> <span class='ocrx_word' id='word_1_257' title='bbox 1031 3003 1145 3085; x_wconf 87' lang='lat' dir='ltr'>placuit</span> 
     </span>
     <span class='ocr_line' id='line_1_33' title="bbox 75 3081 1145 3168; baseline -0.002 -20"><span class='ocrx_word' id='word_1_258' title='bbox 75 3085 198 3150; x_wconf 87' lang='lat' dir='ltr'>nullum</span> <span class='ocrx_word' id='word_1_259' title='bbox 225 3081 438 3144; x_wconf 90' lang='lat' dir='ltr'>communione</span> <span class='ocrx_word' id='word_1_260' title='bbox 468 3101 596 3140; x_wconf 84' lang='lat' dir='ltr'>vacuum</span> <span class='ocrx_word' id='word_1_261' title='bbox 631 3081 745 3145; x_wconf 88' lang='lat' dir='ltr'>debere</span> <span class='ocrx_word' id='word_1_262' title='bbox 773 3086 901 3162; x_wconf 91' lang='lat' dir='ltr'>dimitti,</span> <span class='ocrx_word' id='word_1_263' title='bbox 929 3084 983 3145; x_wconf 88' lang='lat' dir='ltr'>sed</span> <span class='ocrx_word' id='word_1_264' title='bbox 1012 3108 1071 3168; x_wconf 90' lang='lat' dir='ltr'>pro</span> <span class='ocrx_word' id='word_1_265' title='bbox 1095 3105 1145 3161; x_wconf 89' lang='lat' dir='ltr'>eo,</span> 
     </span>
     <span class='ocr_line' id='line_1_34' title="bbox 76 3165 1058 3257; baseline -0.002 -26"><span class='ocrx_word' id='word_1_266' title='bbox 76 3169 170 3257; x_wconf 87' lang='lat' dir='ltr'>quod</span> <span class='ocrx_word' id='word_1_267' title='bbox 191 3167 356 3229; x_wconf 86' lang='lat' dir='ltr'>honoravit</span> <span class='ocrx_word' id='word_1_268' title='bbox 371 3165 607 3247; x_wconf 87' lang='lat' dir='ltr'>poenitentiam,</span> <span class='ocrx_word' id='word_1_269' title='bbox 635 3166 753 3230; x_wconf 88' lang='lat' dir='ltr'>oblatio</span> <span class='ocrx_word' id='word_1_270' title='bbox 775 3168 856 3229; x_wconf 92' lang='lat' dir='ltr'>illius</span> <span class='ocrx_word' id='word_1_271' title='bbox 881 3170 1058 3250; x_wconf 85' lang='lat' dir='ltr'>recipiatur.</span> 
     </span>
    </p>

    <p class='ocr_par' dir='ltr' id='par_1_10' title="bbox 79 3248 1199 3592">
     <span class='ocr_line' id='line_1_35' title="bbox 145 3248 1147 3344; baseline 0.001 -32"><span class='ocrx_word' id='word_1_272' title='bbox 145 3268 192 3344; x_wconf 61' lang='grc' dir='ltr'>ι1.</span> <span class='ocrx_word' id='word_1_273' title='bbox 236 3248 461 3312; x_wconf 85' lang='lat' dir='ltr'><strong>CONCILIUM</strong></span> <span class='ocrx_word' id='word_1_274' title='bbox 492 3249 707 3311; x_wconf 87' lang='lat' dir='ltr'>Aurelianense</span> <span class='ocrx_word' id='word_1_275' title='bbox 738 3255 882 3328; x_wconf 88' lang='lat' dir='ltr'>tertium,</span> <span class='ocrx_word' id='word_1_276' title='bbox 912 3273 978 3312; x_wconf 89' lang='lat' dir='ltr'>cau.</span> <span class='ocrx_word' id='word_1_277' title='bbox 1012 3266 1081 3324; x_wconf 79' lang='lat'>24..·</span> <span class='ocrx_word' id='word_1_278' title='bbox 1113 3252 1147 3314; x_wconf 89' lang='lat' dir='ltr'>Si</span> 
     </span>
     <span class='ocr_line' id='line_1_36' title="bbox 79 3331 1148 3424; baseline -0.004 -24"><span class='ocrx_word' id='word_1_279' title='bbox 79 3342 149 3424; x_wconf 86' lang='lat' dir='ltr'>quis</span> <span class='ocrx_word' id='word_1_280' title='bbox 169 3335 371 3422; x_wconf 87' lang='lat' dir='ltr'>poeniteutiae</span> <span class='ocrx_word' id='word_1_281' title='bbox 387 3331 599 3401; x_wconf 84' lang='lat' dir='ltr'>benedictione</span> <span class='ocrx_word' id='word_1_282' title='bbox 619 3348 761 3418; x_wconf 88' lang='lat' dir='ltr'>suscepta</span> <span class='ocrx_word' id='word_1_283' title='bbox 777 3337 816 3398; x_wconf 90' lang='lat' dir='ltr'>ad</span> <span class='ocrx_word' id='word_1_284' title='bbox 840 3337 1024 3397; x_wconf 89' lang='lat' dir='ltr'>saecularem</span> <span class='ocrx_word' id='word_1_285' title='bbox 1053 3336 1148 3397; x_wconf 81' lang='lat' dir='ltr'>laabi-</span> 
     </span>
     <span class='ocr_line' id='line_1_37' title="bbox 81 3416 1148 3505; baseline -0.006 -18"><span class='ocrx_word' id='word_1_286' title='bbox 81 3438 148 3487; x_wconf 87' lang='lat' dir='ltr'>tum</span> <span class='ocrx_word' id='word_1_287' title='bbox 173 3422 371 3505; x_wconf 75' lang='lat' dir='ltr'>militiamque</span> <span class='ocrx_word' id='word_1_288' title='bbox 406 3418 520 3478; x_wconf 85' lang='lat' dir='ltr'>reverti</span> <span class='ocrx_word' id='word_1_289' title='bbox 551 3423 803 3504; x_wconf 85' lang='lat' dir='ltr'>praesumpserit,</span> <span class='ocrx_word' id='word_1_290' title='bbox 844 3422 955 3483; x_wconf 83' lang='lat' dir='ltr'>viatico</span> <span class='ocrx_word' id='word_1_291' title='bbox 976 3416 1148 3500; x_wconf 55' lang='lat' dir='ltr'>&#39;concessu</span> 
     </span>
     <span class='ocr_line' id='line_1_38' title="bbox 81 3502 1199 3592; baseline -0.005 -21"><span class='ocrx_word' id='word_1_292' title='bbox 81 3529 180 3592; x_wconf 90' lang='lat' dir='ltr'>usque</span> <span class='ocrx_word' id='word_1_293' title='bbox 203 3506 243 3567; x_wconf 90' lang='lat' dir='ltr'>ad</span> <span class='ocrx_word' id='word_1_294' title='bbox 264 3506 376 3565; x_wconf 84' lang='lat' dir='ltr'>exitum</span> <span class='ocrx_word' id='word_1_295' title='bbox 394 3503 703 3565; x_wconf 85' lang='lat' dir='ltr'>excommunicatione</span> <span class='ocrx_word' id='word_1_296' title='bbox 724 3502 884 3586; x_wconf 84' lang='lat' dir='ltr'>plectatur.</span> <span class='ocrx_word' id='word_1_297' title='bbox 1188 3510 1199 3574; x_wconf 64' lang='lat' dir='ltr'>s</span> 
     </span>
    </p>

    <p class='ocr_par' dir='ltr' id='par_1_11' title="bbox 83 3583 1186 3924">
     <span class='ocr_line' id='line_1_39' title="bbox 167 3583 1168 3665; baseline 0.003 -18"><span class='ocrx_word' id='word_1_298' title='bbox 167 3605 197 3660; x_wconf 74' lang='grc'><strong>1.</strong></span> <span class='ocrx_word' id='word_1_299' title='bbox 240 3583 565 3650; x_wconf 83' lang='lat' dir='ltr'>CHRYSOSTOMUS</span> <span class='ocrx_word' id='word_1_300' title='bbox 592 3586 647 3649; x_wconf 81' lang='lat' dir='ltr'>lib.</span> <span class='ocrx_word' id='word_1_301' title='bbox 676 3601 706 3656; x_wconf 85' lang='lat'>6.</span> <span class='ocrx_word' id='word_1_302' title='bbox 727 3589 767 3649; x_wconf 88' lang='lat' dir='ltr'>de</span> <span class='ocrx_word' id='word_1_303' title='bbox 791 3589 982 3651; x_wconf 80' lang='lat' dir='ltr'>sacerdotioa</span> <span class='ocrx_word' id='word_1_304' title='bbox 1015 3583 1168 3665; x_wconf 86' lang='lat' dir='ltr'>Quidam¹</span> 
     </span>
     <span class='ocr_line' id='line_1_40' title="bbox 83 3668 1182 3756; baseline -0.004 -17"><span class='ocrx_word' id='word_1_305' title='bbox 83 3676 159 3743; x_wconf 88' lang='lat' dir='ltr'>mibi</span> <span class='ocrx_word' id='word_1_306' title='bbox 185 3675 336 3753; x_wconf 71' lang='lat' dir='ltr'>narravit,</span> <span class='ocrx_word' id='word_1_307' title='bbox 359 3691 425 3731; x_wconf 91' lang='lat' dir='ltr'>uon</span> <span class='ocrx_word' id='word_1_308' title='bbox 444 3668 497 3731; x_wconf 94' lang='lat' dir='ltr'>ille</span> <span class='ocrx_word' id='word_1_309' title='bbox 522 3669 645 3750; x_wconf 89' lang='lat' dir='ltr'>quidem</span> <span class='ocrx_word' id='word_1_310' title='bbox 671 3671 711 3733; x_wconf 89' lang='lat' dir='ltr'>ab</span> <span class='ocrx_word' id='word_1_311' title='bbox 729 3672 791 3735; x_wconf 85' lang='lat' dir='ltr'>aliu</span> <span class='ocrx_word' id='word_1_312' title='bbox 807 3674 947 3749; x_wconf 87' lang='lat' dir='ltr'>edoctus,</span> <span class='ocrx_word' id='word_1_313' title='bbox 965 3672 1020 3733; x_wconf 88' lang='lat' dir='ltr'>sed</span> <span class='ocrx_word' id='word_1_314' title='bbox 1040 3671 1151 3756; x_wconf 77' lang='lat' dir='ltr'>dignus</span> <span class='ocrx_word' id='word_1_315' title='bbox 1179 3691 1182 3695; x_wconf 74' lang='grc'>’</span> 
     </span>
     <span class='ocr_line' id='line_1_41' title="bbox 84 3748 1186 3840; baseline -0.008 -13"><span class='ocrx_word' id='word_1_316' title='bbox 84 3761 233 3836; x_wconf 88' lang='lat' dir='ltr'>babitus,</span> <span class='ocrx_word' id='word_1_317' title='bbox 263 3759 317 3840; x_wconf 90' lang='lat' dir='ltr'>qui</span> <span class='ocrx_word' id='word_1_318' title='bbox 350 3754 384 3814; x_wconf 89' lang='lat' dir='ltr'>id</span> <span class='ocrx_word' id='word_1_319' title='bbox 407 3766 439 3815; x_wconf 88' lang='lat' dir='ltr'>et</span> <span class='ocrx_word' id='word_1_320' title='bbox 455 3753 581 3817; x_wconf 88' lang='lat' dir='ltr'>vidisset</span> <span class='ocrx_word' id='word_1_321' title='bbox 604 3757 670 3838; x_wconf 81' lang='lat' dir='ltr'>ipse</span> <span class='ocrx_word' id='word_1_322' title='bbox 690 3767 721 3816; x_wconf 93' lang='lat' dir='ltr'>et</span> <span class='ocrx_word' id='word_1_323' title='bbox 742 3758 903 3828; x_wconf 85' lang='lat' dir='ltr'>audiisset,</span> <span class='ocrx_word' id='word_1_324' title='bbox 921 3757 1022 3838; x_wconf 83' lang='lat' dir='ltr'>quod,</span> <span class='ocrx_word' id='word_1_325' title='bbox 1041 3759 1095 3838; x_wconf 91' lang='lat' dir='ltr'>qui</span> <span class='ocrx_word' id='word_1_326' title='bbox 1114 3757 1154 3818; x_wconf 87' lang='lat' dir='ltr'>dc</span> <span class='ocrx_word' id='word_1_327' title='bbox 1184 3748 1186 3755; x_wconf 45' lang='lat'><strong>¹</strong></span> 
     </span>
     <span class='ocr_line' id='line_1_42' title="bbox 87 3837 1170 3924; baseline -0.006 -16"><span class='ocrx_word' id='word_1_328' title='bbox 87 3849 150 3908; x_wconf 82' lang='lat' dir='ltr'>rita</span> <span class='ocrx_word' id='word_1_329' title='bbox 179 3845 238 3905; x_wconf 90' lang='lat' dir='ltr'>bac</span> <span class='ocrx_word' id='word_1_330' title='bbox 274 3840 452 3924; x_wconf 76' lang='lat' dir='ltr'>emigraturi</span> <span class='ocrx_word' id='word_1_331' title='bbox 483 3849 573 3914; x_wconf 89' lang='lat' dir='ltr'>suut,</span> <span class='ocrx_word' id='word_1_332' title='bbox 608 3840 635 3898; x_wconf 89' lang='lat' dir='ltr'>si</span> <span class='ocrx_word' id='word_1_333' title='bbox 654 3843 866 3916; x_wconf 87' lang='lat' dir='ltr'>mysteriorum</span> <span class='ocrx_word' id='word_1_334' title='bbox 888 3840 1069 3923; x_wconf 87' lang='lat' dir='ltr'>hujusmodi</span> <span class='ocrx_word' id='word_1_335' title='bbox 1086 3837 1170 3902; x_wconf 81' lang='lat' dir='ltr'>cuut¹</span> 
     </span>
    </p>

    <p class='ocr_par' dir='ltr' id='par_1_12' title="bbox 92 3921 1162 4245">
     <span class='ocr_line' id='line_1_43' title="bbox 111 3921 1161 4009; baseline -0.006 -19"><span class='ocrx_word' id='word_1_336' title='bbox 111 3949 169 3990; x_wconf 87' lang='lat' dir='ltr'>ura</span> <span class='ocrx_word' id='word_1_337' title='bbox 194 3949 231 3991; x_wconf 88' lang='lat' dir='ltr'>ac</span> <span class='ocrx_word' id='word_1_338' title='bbox 249 3925 367 3987; x_wconf 86' lang='lat' dir='ltr'>munda</span> <span class='ocrx_word' id='word_1_339' title='bbox 386 3923 572 3985; x_wconf 84' lang='lat' dir='ltr'>conscientia</span> <span class='ocrx_word' id='word_1_340' title='bbox 597 3923 711 3984; x_wconf 82' lang='lat' dir='ltr'>fuerint</span> <span class='ocrx_word' id='word_1_341' title='bbox 730 3926 918 4008; x_wconf 89' lang='lat' dir='ltr'>participes,</span> <span class='ocrx_word' id='word_1_342' title='bbox 953 3926 1094 4009; x_wconf 90' lang='lat' dir='ltr'>spiritum</span> <span class='ocrx_word' id='word_1_343' title='bbox 1112 3921 1161 3986; x_wconf 81' lang='lat' dir='ltr'>cf-</span> 
     </span>
     <span class='ocr_line' id='line_1_44' title="bbox 129 4006 1162 4095; baseline -0.007 -20"><span class='ocrx_word' id='word_1_344' title='bbox 129 4015 213 4089; x_wconf 91' lang='lat' dir='ltr'>turi,</span> <span class='ocrx_word' id='word_1_345' title='bbox 238 4010 277 4072; x_wconf 90' lang='lat' dir='ltr'>ab</span> <span class='ocrx_word' id='word_1_346' title='bbox 298 4007 433 4095; x_wconf 75' lang='lat' dir='ltr'>angelis,</span> <span class='ocrx_word' id='word_1_347' title='bbox 451 4006 573 4069; x_wconf 91' lang='lat' dir='ltr'>illorum</span> <span class='ocrx_word' id='word_1_348' title='bbox 596 4026 730 4091; x_wconf 87' lang='lat' dir='ltr'>corpora</span> <span class='ocrx_word' id='word_1_349' title='bbox 751 4009 923 4071; x_wconf 86' lang='lat' dir='ltr'>satellitum·</span> <span class='ocrx_word' id='word_1_350' title='bbox 939 4027 1026 4073; x_wconf 87' lang='lat' dir='ltr'>more</span> <span class='ocrx_word' id='word_1_351' title='bbox 1045 4010 1162 4092; x_wconf 88' lang='lat' dir='ltr'>stipan-</span> 
     </span>
     <span class='ocr_line' id='line_1_45' title="bbox 92 4090 1160 4245; baseline 0 -89"><span class='ocrx_word' id='word_1_352' title='bbox 92 4097 185 4245; x_wconf 47' lang='grc' dir='ltr'>ἓξὲξ,</span> <span class='ocrx_word' id='word_1_353' title='bbox 210 4105 341 4180; x_wconf 87' lang='lat' dir='ltr'>propter</span> <span class='ocrx_word' id='word_1_354' title='bbox 357 4103 546 4178; x_wconf 84' lang='lat' dir='ltr'>assumptum</span> <span class='ocrx_word' id='word_1_355' title='bbox 561 4090 639 4156; x_wconf 90' lang='lat' dir='ltr'>illud</span> <span class='ocrx_word' id='word_1_356' title='bbox 658 4108 778 4188; x_wconf 79' lang='lat' dir='ltr'>sacrum</span> <span class='ocrx_word' id='word_1_357' title='bbox 800 4090 875 4157; x_wconf 87' lang='lat' dir='ltr'>binc</span> <span class='ocrx_word' id='word_1_358' title='bbox 896 4105 980 4157; x_wconf 83' lang='lat' dir='ltr'>recta</span> <span class='ocrx_word' id='word_1_359' title='bbox 997 4096 1030 4158; x_wconf 92' lang='lat' dir='ltr'>in</span> <span class='ocrx_word' id='word_1_360' title='bbox 1041 4093 1160 4158; x_wconf 85' lang='lat' dir='ltr'>eaelum</span> 
     </span>
    </p>

    <p class='ocr_par' dir='ltr' id='par_1_13' title="bbox 179 4192 329 4244">
     <span class='ocr_line' id='line_1_46' title="bbox 179 4192 329 4244; baseline -0.033 0"><span class='ocrx_word' id='word_1_361' title='bbox 179 4192 329 4244; x_wconf 55' lang='grc' dir='ltr'>Μηίων</span> 
     </span>
    </p>
   </div>
   <div class='ocr_carea' id='block_1_3' title="bbox 672 4268 998 4407">
    <p class='ocr_par' dir='ltr' id='par_1_14' title="bbox 672 4268 998 4407">
     <span class='ocr_line' id='line_1_47' title="bbox 672 4268 998 4407; baseline 0 -42"><span class='ocrx_word' id='word_1_362' title='bbox 672 4268 755 4407; x_wconf 51' lang='lat' dir='ltr'>s</span> <span class='ocrx_word' id='word_1_363' title='bbox 899 4294 998 4377; x_wconf 67' lang='lat' dir='ltr'>lb&#39;l&#39;¹</span> 
     </span>
    </p>
   </div>
   <div class='ocr_carea' id='block_1_4' title="bbox 0 0 1414 4792">
    <p class='ocr_par' dir='ltr' id='par_1_15' title="bbox 0 0 1414 4792">
     <span class='ocr_line' id='line_1_48' title="bbox 0 0 1414 4792; baseline 0 0"><span class='ocrx_word' id='word_1_364' title='bbox 0 0 1414 4792; x_wconf 95' lang='lat' dir='ltr'> </span> 
     </span>
    </p>
   </div>
  </div>
 </body>
</html>
