2782 4786
147 424 153 435 ,
245 350 383 441 naq
499 283 1122 433 ‚ursacaasuuuro

130 599 134 607 ⁴
169 592 173 597 ,
198 562 202 597 1
246 539 311 590 tota
338 528 437 588 anima
466 539 541 606 tua,
574 524 606 588 et
635 523 806 588 honorifica
841 525 1029 587 sacerdotes·
1049 523 1136 606 ejus.
1186 525 1314 604 Quorum

73 647 236 701 mm,
247 623 484 696 praeceptorum
512 631 630 671 memor
664 610 770 671 heatus
793 611 961 693 Apostolus
981 607 1123 684 Paulus,
1159 614 1311 675 secusdum

248 697 331 778 quod
352 698 383 756 in
402 697 518 756 actibus
539 694 762 777 Apostolorum
782 695 913 777 legimus,
931 694 1039 753 cumei
1055 693 1246 756 diceretur:
1265 699 1305 759 Sic

72 807 143 856 „ma
153 807 237 854 ωε.
247 782 341 841 insilis
354 783 394 839 in
416 780 605 840 sacerdotem
623 779 684 838 Dei
706 779 936 838 maledicendo?
958 778 1148 859 respondit,
1183 793 1218 840 et
1238 781 1304 842 dm:

247 863 581 941 Nesciebam,s1·atres,
608 865 683 944 quia
713 863 850 945 pontifex
876 874 936 921 est:
973 864 1131 943 scriptum
1157 877 1209 924 est
1233 869 1309 944 enim,

187 982 196 1029 χ
246 950 424 1031 Principem
443 948 613 1032 populitui
639 967 704 1006 non
727 946 897 1007 maledices.
939 947 1094 1006 Dominus
1114 950 1309 1010 etiamuoster

247 1035 310 1117 ipse
330 1035 416 1092 Jesus
447 1033 584 1092 Christus
612 1051 664 1089 rex
681 1043 712 1090 et
731 1031 824 1112 judex
849 1042 879 1089 et
899 1030 983 1088 Deus
1009 1041 1140 1107 noster,
1167 1026 1309 1115 usquead

250 1119 396 1177 ‘essionis
415 1115 495 1175 diem
522 1117 669 1175 servavit.
684 1113 833 1173 honorem
858 1110 1058 1195 pontificibus
1094 1128 1128 1175 et
1153 1119 1309 1178 sacerdoti·

194 1194 197 1201 ’
246 1138 326 1276 hus,
353 1207 489 1281 quamvis
513 1200 558 1258 illi
582 1220 639 1259 nec
655 1201 793 1260 timorem
821 1199 899 1273 Dei,
921 1218 977 1256 nec
995 1201 1194 1280 agnitionem
1216 1203 1310 1263 Christi

73 1317 155 1359 m,
169 1317 194 1364 3,
211 1316 236 1360 4·
248 1296 424 1345 servassent.
472 1285 560 1343 Nam·
583 1305 652 1343 cum
668 1282 822 1364 leprosum
842 1281 1056 1357 emundasset,
1079 1283 1162 1344 dixit
1187 1288 1234 1345 ei:
1261 1287 1310 1347 lla·

248 1371 301 1446 de,
326 1381 365 1428 'et
394 1375 531 1429 monstra
552 1380 583 1428 te
603 1367 778 1442 sacerdoti,
812 1379 843 1425 et
864 1365 941 1425 offer
968 1366 1098 1425 donum.
1146 1370 1311 1431 Humilitatt

247 1476 302 1530 ea,
337 1474 396 1534 qua
417 1475 472 1512 nos
503 1473 628 1534 quoque
650 1471 713 1510 esse
730 1450 863 1509 ‘humiles
887 1449 1012 1525 docuit,
1046 1454 1247 1514 sacerdotem
1269 1456 1312 1515 ad·

247 1536 311 1598 huc
339 1537 533 1620 appellabat,
573 1557 663 1618 quem
690 1532 806 1594 sciebat
836 1554 898 1592 esse
923 1535 1120 1618 sacrilegum.
1164 1539 1245 1598 Item
1265 1541 1313 1600 sub
1339 1548 1342 1605 l

248 1623 313 1682 ictu
334 1624 483 1704 passionis
505 1642 575 1680 cum
597 1619 713 1702 alapam
735 1621 919 1700 accepisset,
954 1631 984 1677 et
1005 1621 1033 1677 ei
1056 1620 1241 1682 diceretur:
1273 1625 1312 1683 sia

247 1707 414 1788 respondes
431 1703 596 1787 pontifici?
617 1703 660 1763 nil
678 1702 728 1761 ille
750 1701 969 1763 contumeliose
990 1701 1122 1781 locutus
1143 1719 1190 1766 est
1207 1709 1313 1790 inper-

247 1785 351 1850 so'nam
386 1787 565 1871 pontificis,
598 1786 651 1846 sed
679 1789 772 1870 magis
794 1787 997 1845 innocentiam
1028 1808 1116 1846 suam
1137 1793 1237 1851 tuitus
1259 1804 1313 1867 est,

247 1875 372 1932 dicensi
396 1870 435 1930 Si'
450 1872 527 1931 male
550 1872 669 1931 locutus
691 1892 776 1946 sum,
811 1869 964 1952 exprobra
984 1871 1024 1929 de
1044 1872 1147 1936 malo:
1169 1876 1196 1933 si
1218 1888 1313 1936 aut·

245 1955 341 2028 hene,
364 1954 439 2033 quid
463 1975 514 2012 me
531 1954 650 2013 caedis?
694 1955 782 2029 Quae
806 1955 906 2013 omnia
928 1953 968 2012 ab
989 1976 1026 2014 eo
1047 1956 1118 2015 ideo
1140 1958 1313 2019 factasunt

242 2036 400 2096 humiliter
440 2047 531 2116 atque
558 2030 727 2116 patienter,
761 2050 795 2095 ut
818 2059 872 2096 nos
893 2036 1066 2096 humilitatis
1091 2061 1127 2096 ac
1142 2044 1311 2120 patientiae

220 2132 223 2136 '
243 2119 424 2180 haberemus
451 2119 627 2201 exemplum.
668 2120 786 2179 Docuit
807 2123 886 2178 enim
909 2122 1072 2181 sacerdotes
1088 2142 1176 2180 veros
1196 2123 1306 2205 legiti-

242 2225 291 2265 me
318 2208 355 2264 'et
382 2202 470 2286 plene
503 2203 667 2279 honorari,
684 2234 687 2241 ·
707 2203 780 2263 dum
797 2207 888 2263 ¹eirca
917 2205 1009 2264 falsos
1041 2204 1208 2279 sacerdotes
1233 2209 1298 2288 ipse

243 2288 311 2350 talis
329 2289 446 2348 exstitit
489 2289 529 2349 Et
550 2276 644 2370 paulo
656 2299 759 2371 post:
792 2290 875 2348 Haec
895 2302 968 2348 sunt
989 2288 1065 2348 enim
1082 2287 1303 2365 initiu'haere-

244 2377 392 2450 ticorum,
416 2385 446 2433 et
477 2386 562 2433 ortus
591 2385 683 2454 atquc
704 2387 829 2432 conatus
850 2372 1112 2432 schismaticorum
1122 2368 1200 2432 male
1217 2375 1305 2453 cogi-

243 2459 394 2533 tantium,
416 2470 451 2517 ut
474 2457 535 2516 sihi
556 2456 715 2539 placeant,
736 2467 772 2515 ut
792 2460 999 2539 praepositum
1026 2456 1160 2536 superbo
1183 2469 1306 2536 tumore

170 2538 174 2545 “
244 2544 446 2602 contemnant.
491 2541 542 2600 Sic
566 2542 605 2601 de
626 2539 760 2601 Ecclesia
783 2543 957 2615 receditur,
990 2544 1036 2600 sic
1058 2541 1151 2600 altare
1170 2539 1307 2623 propha-

242 2645 315 2682 num
332 2625 409 2683 foris
431 2625 618 2700 collocatur,
640 2646 684 2684 stc
702 2637 812 2683 contra
828 2646 933 2706 pacem
950 2624 1068 2685 Christi
1087 2638 1119 2685 et
1139 2625 1305 2686 ordinatio·

242 2727 311 2766 nem
334 2720 425 2786 atque
446 2712 591 2767 unitatem
616 2710 675 2769 Dei
690 2707 866 2771 rebellatur.
1338 2700 1342 2711 ¹

325 2802 353 2856 8.
398 2790 635 2851 GREGORIUS
664 2791 720 2851 lib.
752 2806 798 2858 12.
831 2794 1051 2874 epistolarum,
1102 2794 1231 2877 epistola
1259 2805 1302 2860 51.
1340 2844 1342 2849 .

242 2874 281 2934 ad
301 2873 433 2933 Felicem
452 2875 641 2958 Episcopum
656 2875 796 2935 Siciliae:
829 2878 860 2935 Si
882 2878 982 2937 David
999 2899 1111 2960 regum
1129 2880 1303 2958 justissimus
1340 2878 1342 2939 ἶ

241 2960 273 3017 in
288 2957 377 3034 Saul,
401 2979 497 3039 quem·
514 2959 674 3019 constabat
693 2961 755 3039 jam
770 2983 787 3018 a
803 2961 937 3020 Domino
954 2961 1169 3041 reprobatum
1199 2975 1230 3023 et
1256 2961 1302 3022 ah·
1336 2982 1342 3051 j

239 3045 355 3124 jectum
382 3062 464 3117 csse,
491 3064 612 3102 manum
637 3046 756 3103 mittere
774 3066 839 3103 non
861 3049 1085 3126 praesumpsit:
1111 3061 1231 3131 quanto
1249 3052 1329 3105 uta-¹

88 3152 91 3160 ·
191 3182 193 3187 ,
241 3128 287 3209 gis
307 3127 475 3187 cavendum
504 3139 564 3203 est,
585 3149 623 3187 ne
643 3149 763 3187 manum
784 3128 978 3190 detractionis
995 3142 1048 3189 aut
1062 3132 1300 3213 vituperationis,

242 3213 303 3269 sive
332 3210 554 3271 indiscretionis
583 3224 636 3272 aut
663 3211 936 3290 dehonorationis,
971 3215 1093 3295 quidam
1127 3218 1251 3276 mittant
1277 3216 1300 3272 iu

83 3320 231 3362 &emiorum
242 3306 365 3353 unctum
382 3297 524 3372 Domini,
546 3296 593 3358 rel
617 3299 647 3353 in
669 3297 898 3376 praedicatores
911 3313 1029 3357 sanctae
1041 3298 1220 3359 Ecclesiae?
1242 3300 1300 3380 quia

66 3371 230 3460 ζξζξξξζθζὲθ·
243 3399 348 3437 corum
365 3381 497 3452 vexatio,
525 3382 585 3439 sive
618 3380 763 3443 detractio
792 3382 831 3441 ud
850 3382 1003 3444 Christum
1026 3385 1187 3462 pertinet,
1225 3385 1298 3462 cujus

68 3468 184 3528 christum
220 3464 304 3522 ¹vioe
326 3465 357 3521 in
380 3462 512 3521 Ecclesia
533 3463 681 3544 legatione
703 3465 881 3547 funguntur.
924 3467 1011 3525 Unde
1033 3486 1237 3549 summopere
1258 3486 1300 3524 ea·

66 3523 174 3625 pmffn'et'
239 3545 370 3607 rendum
390 3546 530 3606 omnibus
554 3545 716 3623 fidelibus,
738 3570 776 3607 ne
800 3549 938 3610 clanculo
963 3549 1166 3630 aut-publice
1181 3550 1298 3633 Episco-

10 3698 12 3706 .
79 3638 162 3720 ·”-··Ι
191 3636 197 3671 ·’
239 3653 311 3713 pum
336 3652 444 3704 suum,
474 3630 506 3689 id
538 3643 597 3706 est,
621 3645 743 3693 unctum
766 3633 893 3693 Domini
918 3633 1167 3694 detractionibus
1185 3648 1242 3694 aut
1261 3634 1298 3690 ri-

239 3714 485 3797 tuperationibus
506 3714 670 3792 dilanient,
695 3718 921 3799 perpendentes
944 3719 1020 3777 illud
1045 3718 1225 3798 exemplum
1245 3719 1295 3778 llla·

239 3803 316 3877 riae,
339 3801 410 3881 quia
424 3821 479 3881 pro
501 3820 557 3876 eo,
580 3800 665 3880 quod
693 3802 793 3876 Moysi
814 3803 925 3862 famulo
941 3804 998 3861 Dei
1023 3813 1159 3882 propter
1179 3803 1293 3862 Aethio·

64 3887 346 3966 rum.12‚1.pissam
374 3885 522 3958 detraxit,
558 3884 748 3944 immunditia
791 3885 891 3968 leprae
925 3887 1066 3946 mulctata
1097 3888 1157 3963 sit,
1183 3900 1215 3947 et
1234 3881 1312 3945 illud·

63 3960 432 4040 ili.104,15.l‘salmistae:
461 3969 560 4028 Nolite
584 3981 708 4052 tangere
738 3968 875 4030 Christos
902 3991 984 4030 meos
1000 4014 1009 4047 ,
1027 3981 1073 4028 *et
1091 3971 1123 4027 in
1143 3970 1303 4054 prophetis

64 4043 310 4110 B¹⁰‘¹·22’2⁸‘meis
330 4053 422 4112 nolite
439 4053 604 4135 malignari.
648 4054 689 4127 Et
710 4056 741 4111 in
761 4054 825 4134 lege
848 4055 948 4115 divina
973 4055 1113 4136 legitur:
1148 4057 1225 4115 Diis
1249 4075 1311 4114 nuu-

236 4133 394 4210 detrahes,
420 4149 450 4196 et
476 4137 583 4221 populi
608 4139 653 4196 tui
673 4132 806 4219 principi
828 4159 889 4197 nou
911 4138 1082 4199 maledices·
1098 4172 1104 4203 -,
1123 4139 1226 4207 Unde¹
1246 4136 1313 4198 'val-.-

236 4218 286 4283 dex
293 4219 513 4304 prouidendum
533 4233 590 4289 est,
603 4220 758 4300 subditis,
789 4234 849 4289 tam
872 4221 1248 4306 tltticitqttffitulaicis,
1273 4243 1308 4285 ¹1⁰

71 1753 139 1798 duan.
149 1753 234 1798 1803.
