<?xml version="1.0" encoding="UTF-8"?>
<!DOCTYPE html PUBLIC "-//W3C//DTD XHTML 1.0 Transitional//EN"
    "http://www.w3.org/TR/xhtml1/DTD/xhtml1-transitional.dtd">
<html xmlns="http://www.w3.org/1999/xhtml" xml:lang="en" lang="en">
 <head>
  <title>
</title>
<meta http-equiv="Content-Type" content="text/html;charset=utf-8" />
  <meta name='ocr-system' content='tesseract 3.04.00' />
  <meta name='ocr-capabilities' content='ocr_page ocr_carea ocr_par ocr_line ocrx_word'/>
</head>
<body>
  <div class='ocr_page' id='page_1' title='image "./summadoctrinaec01kanigoog_0250.png"; bbox 0 0 2790 4792; ppageno 0'>
   <div class='ocr_carea' id='block_1_1' title="bbox 199 302 1132 419">
    <p class='ocr_par' dir='ltr' id='par_1_1' title="bbox 199 302 1132 419">
     <span class='ocr_line' id='line_1_1' title="bbox 199 302 1132 419; baseline -0.011 -14"><span class='ocrx_word' id='word_1_1' title='bbox 199 302 203 307; x_wconf 71' lang='grc'><strong>’</strong></span> <span class='ocrx_word' id='word_1_2' title='bbox 307 310 865 419; x_wconf 53' lang='lat' dir='ltr'><strong>,accusatoriam</strong></span> <span class='ocrx_word' id='word_1_3' title='bbox 982 322 987 332; x_wconf 78' lang='grc'><em>“</em></span> <span class='ocrx_word' id='word_1_4' title='bbox 1053 337 1132 407; x_wconf 67' lang='lat' dir='ltr'><strong>ma</strong></span> 
     </span>
    </p>
   </div>
   <div class='ocr_carea' id='block_1_2' title="bbox 376 510 879 603">
    <p class='ocr_par' dir='ltr' id='par_1_2' title="bbox 376 510 879 603">
     <span class='ocr_line' id='line_1_2' title="bbox 376 510 879 603; baseline -0.016 -20"><span class='ocrx_word' id='word_1_5' title='bbox 376 510 879 603; x_wconf 77' lang='lat' dir='ltr'><strong>scairruaan·</strong></span> 
     </span>
    </p>
   </div>
   <div class='ocr_carea' id='block_1_3' title="bbox 60 696 1146 1424">
    <p class='ocr_par' dir='ltr' id='par_1_3' title="bbox 60 696 1252 1424">
     <span class='ocr_line' id='line_1_3' title="bbox 60 696 1134 781; baseline -0.009 -12"><span class='ocrx_word' id='word_1_6' title='bbox 60 764 64 769; x_wconf 93' lang='lat'><strong>.</strong></span> <span class='ocrx_word' id='word_1_7' title='bbox 149 705 175 767; x_wconf 89' lang='lat'><strong>1.</strong></span> <span class='ocrx_word' id='word_1_8' title='bbox 198 701 377 768; x_wconf 80' lang='lat' dir='ltr'><strong>Corinth.</strong></span> <span class='ocrx_word' id='word_1_9' title='bbox 403 703 479 765; x_wconf 74' lang='lat' dir='ltr'><strong>XLs</strong></span> <span class='ocrx_word' id='word_1_10' title='bbox 519 700 638 763; x_wconf 81' lang='lat' dir='ltr'><strong>Probet</strong></span> <span class='ocrx_word' id='word_1_11' title='bbox 665 710 767 760; x_wconf 86' lang='lat' dir='ltr'><strong>autem</strong></span> <span class='ocrx_word' id='word_1_12' title='bbox 787 718 820 759; x_wconf 85' lang='lat' dir='ltr'><strong>se</strong></span> <span class='ocrx_word' id='word_1_13' title='bbox 849 699 949 781; x_wconf 86' lang='lat' dir='ltr'><strong>ipsum</strong></span> <span class='ocrx_word' id='word_1_14' title='bbox 968 696 1086 776; x_wconf 85' lang='lat' dir='ltr'><strong>homo,¹</strong></span> <span class='ocrx_word' id='word_1_15' title='bbox 1101 710 1134 759; x_wconf 90' lang='lat' dir='ltr'><strong>et</strong></span> 
     </span>
     <span class='ocr_line' id='line_1_4' title="bbox 66 802 1135 895; baseline -0.007 -21"><span class='ocrx_word' id='word_1_16' title='bbox 66 815 112 874; x_wconf 87' lang='lat' dir='ltr'><strong>sie</strong></span> <span class='ocrx_word' id='word_1_17' title='bbox 138 811 176 873; x_wconf 89' lang='lat' dir='ltr'><strong>de</strong></span> <span class='ocrx_word' id='word_1_18' title='bbox 199 833 276 895; x_wconf 88' lang='lat' dir='ltr'><strong>pane</strong></span> <span class='ocrx_word' id='word_1_19' title='bbox 293 812 344 872; x_wconf 92' lang='lat' dir='ltr'><strong>illo</strong></span> <span class='ocrx_word' id='word_1_20' title='bbox 364 810 436 873; x_wconf 91' lang='lat' dir='ltr'><strong>edat</strong></span> <span class='ocrx_word' id='word_1_21' title='bbox 455 822 487 871; x_wconf 88' lang='lat' dir='ltr'><strong>et</strong></span> <span class='ocrx_word' id='word_1_22' title='bbox 507 809 545 869; x_wconf 92' lang='lat' dir='ltr'><strong>de</strong></span> <span class='ocrx_word' id='word_1_23' title='bbox 567 807 661 868; x_wconf 86' lang='lat' dir='ltr'><strong>calice</strong></span> <span class='ocrx_word' id='word_1_24' title='bbox 681 802 780 865; x_wconf 87' lang='lat' dir='ltr'><strong>bibat.</strong></span> <span class='ocrx_word' id='word_1_25' title='bbox 823 804 884 880; x_wconf 87' lang='lat' dir='ltr'><strong>Qui</strong></span> <span class='ocrx_word' id='word_1_26' title='bbox 901 807 983 865; x_wconf 84' lang='lat' dir='ltr'><strong>&#39;enim</strong></span> <span class='ocrx_word' id='word_1_27' title='bbox 1005 806 1135 867; x_wconf 89' lang='lat' dir='ltr'><strong>mandu-</strong></span> 
     </span>
     <span class='ocr_line' id='line_1_5' title="bbox 63 897 1134 1002; baseline -0.007 -24"><span class='ocrx_word' id='word_1_28' title='bbox 63 897 118 978; x_wconf 80' lang='lat' dir='ltr'><strong>cat</strong></span> <span class='ocrx_word' id='word_1_29' title='bbox 138 929 166 978; x_wconf 90' lang='lat' dir='ltr'><strong>et</strong></span> <span class='ocrx_word' id='word_1_30' title='bbox 188 916 268 979; x_wconf 86' lang='lat' dir='ltr'><strong>bibit</strong></span> <span class='ocrx_word' id='word_1_31' title='bbox 286 902 420 1002; x_wconf 76' lang='lat' dir='ltr'><strong>indigne,</strong></span> <span class='ocrx_word' id='word_1_32' title='bbox 443 912 597 996; x_wconf 88' lang='lat' dir='ltr'><strong>judicium</strong></span> <span class='ocrx_word' id='word_1_33' title='bbox 627 910 687 972; x_wconf 93' lang='lat' dir='ltr'><strong>sibi</strong></span> <span class='ocrx_word' id='word_1_34' title='bbox 717 907 879 971; x_wconf 83' lang='lat' dir='ltr'><strong>manducat</strong></span> <span class='ocrx_word' id='word_1_35' title='bbox 913 913 941 971; x_wconf 91' lang='lat' dir='ltr'><strong>ei</strong></span> <span class='ocrx_word' id='word_1_36' title='bbox 961 910 1049 989; x_wconf 82' lang='lat' dir='ltr'>bibit,</span> <span class='ocrx_word' id='word_1_37' title='bbox 1073 932 1134 991; x_wconf 79' lang='lat' dir='ltr'><strong>non</strong></span> 
     </span>
     <span class='ocr_line' id='line_1_6' title="bbox 69 1017 1146 1108; baseline -0.004 -27"><span class='ocrx_word' id='word_1_38' title='bbox 69 1023 241 1104; x_wconf 87' lang='lat' dir='ltr'><strong>dijudicans</strong></span> <span class='ocrx_word' id='word_1_39' title='bbox 274 1025 395 1108; x_wconf 85' lang='lat' dir='ltr'><strong>Corpus</strong></span> <span class='ocrx_word' id='word_1_40' title='bbox 431 1021 565 1081; x_wconf 83' lang='lat' dir='ltr'><strong>Domini.</strong></span> <span class='ocrx_word' id='word_1_41' title='bbox 608 1019 694 1079; x_wconf 82' lang='lat' dir='ltr'><strong>Ideo&#39;</strong></span> <span class='ocrx_word' id='word_1_42' title='bbox 718 1022 797 1077; x_wconf 91' lang='lat' dir='ltr'><strong>inter</strong></span> <span class='ocrx_word' id='word_1_43' title='bbox 821 1038 875 1077; x_wconf 81' lang='lat' dir='ltr'><strong>vos</strong></span> <span class='ocrx_word' id='word_1_44' title='bbox 904 1017 992 1079; x_wconf 88' lang='lat' dir='ltr'><strong>multi</strong></span> <span class='ocrx_word' id='word_1_45' title='bbox 1021 1017 1146 1078; x_wconf 87' lang='lat' dir='ltr'><strong>infirmi·</strong></span> 
     </span>
     <span class='ocr_line' id='line_1_7' title="bbox 66 1124 1134 1209; baseline -0.007 -19"><span class='ocrx_word' id='word_1_46' title='bbox 66 1141 98 1190; x_wconf 88' lang='lat' dir='ltr'><strong>et</strong></span> <span class='ocrx_word' id='word_1_47' title='bbox 120 1130 297 1209; x_wconf 82' lang='lat' dir='ltr'><strong>imbecilles,</strong></span> <span class='ocrx_word' id='word_1_48' title='bbox 316 1143 348 1192; x_wconf 85' lang='lat' dir='ltr'><strong>et</strong></span> <span class='ocrx_word' id='word_1_49' title='bbox 370 1129 526 1190; x_wconf 89' lang='lat' dir='ltr'><strong>dormiunt</strong></span> <span class='ocrx_word' id='word_1_50' title='bbox 546 1126 642 1186; x_wconf 87' lang='lat' dir='ltr'><strong>multi.</strong></span> <span class='ocrx_word' id='word_1_51' title='bbox 666 1124 763 1201; x_wconf 89' lang='lat' dir='ltr'><strong>Quod</strong></span> <span class='ocrx_word' id='word_1_52' title='bbox 784 1125 810 1183; x_wconf 90' lang='lat' dir='ltr'><strong>si</strong></span> <span class='ocrx_word' id='word_1_53' title='bbox 837 1143 900 1183; x_wconf 91' lang='lat' dir='ltr'><strong>non</strong></span> <span class='ocrx_word' id='word_1_54' title='bbox 918 1127 1134 1206; x_wconf 85' lang='lat' dir='ltr'><strong>nosmetipsos</strong></span> 
     </span>
     <span class='ocr_line' id='line_1_8' title="bbox 66 1230 1137 1319; baseline -0.008 -23"><span class='ocrx_word' id='word_1_55' title='bbox 66 1234 319 1319; x_wconf 80' lang='lat' dir='ltr'><strong>dijudicaremus,</strong></span> <span class='ocrx_word' id='word_1_56' title='bbox 346 1256 410 1295; x_wconf 90' lang='lat' dir='ltr'><strong>non</strong></span> <span class='ocrx_word' id='word_1_57' title='bbox 443 1235 551 1314; x_wconf 88' lang='lat' dir='ltr'><strong>utique</strong></span> <span class='ocrx_word' id='word_1_58' title='bbox 582 1234 800 1314; x_wconf 88' lang='lat' dir='ltr'><strong>judicaremur.</strong></span> <span class='ocrx_word' id='word_1_59' title='bbox 852 1230 937 1289; x_wconf 93' lang='lat' dir='ltr'><strong>Dum</strong></span> <span class='ocrx_word' id='word_1_60' title='bbox 963 1230 1137 1310; x_wconf 88' lang='lat' dir='ltr'><strong>judicamur</strong></span> 
     </span>
     <span class='ocr_line' id='line_1_9' title="bbox 62 1335 1139 1424; baseline -0.009 -19"><span class='ocrx_word' id='word_1_61' title='bbox 62 1356 173 1420; x_wconf 85' lang='lat' dir='ltr'><strong>autem,</strong></span> <span class='ocrx_word' id='word_1_62' title='bbox 194 1367 213 1405; x_wconf 91' lang='lat' dir='ltr'><strong>a</strong></span> <span class='ocrx_word' id='word_1_63' title='bbox 234 1344 372 1406; x_wconf 89' lang='lat' dir='ltr'><strong>Domino</strong></span> <span class='ocrx_word' id='word_1_64' title='bbox 394 1341 593 1424; x_wconf 75' lang='lat' dir='ltr'><strong>corripimur,</strong></span> <span class='ocrx_word' id='word_1_65' title='bbox 610 1351 729 1414; x_wconf 82' lang='lat' dir='ltr'><strong>utnon</strong></span> <span class='ocrx_word' id='word_1_66' title='bbox 750 1358 821 1398; x_wconf 89' lang='lat' dir='ltr'><strong>enm</strong></span> <span class='ocrx_word' id='word_1_67' title='bbox 841 1335 1029 1397; x_wconf 83' lang='lat' dir='ltr'><strong>boemundo</strong></span> <span class='ocrx_word' id='word_1_68' title='bbox 1051 1335 1139 1395; x_wconf 87' lang='lat' dir='ltr'><strong>dam-</strong></span> 
     </span>
    </p>
   </div>
   <div class='ocr_carea' id='block_1_4' title="bbox 64 1471 1139 1627">
    <p class='ocr_par' dir='ltr' id='par_1_4' title="bbox 64 1471 1139 1627">
     <span class='ocr_line' id='line_1_10' title="bbox 64 1471 1106 1512; baseline -0.002 -1"><span class='ocrx_word' id='word_1_69' title='bbox 64 1471 183 1512; x_wconf 88' lang='lat' dir='ltr'><strong>nemur.</strong></span> <span class='ocrx_word' id='word_1_70' title='bbox 1101 1502 1106 1509; x_wconf 88' lang='lat'><strong>.</strong></span> 
     </span>
     <span class='ocr_line' id='line_1_11' title="bbox 151 1543 1139 1627; baseline -0.01 -10"><span class='ocrx_word' id='word_1_71' title='bbox 151 1560 175 1618; x_wconf 88' lang='lat'><strong>1.</strong></span> <span class='ocrx_word' id='word_1_72' title='bbox 199 1551 486 1614; x_wconf 72' lang='lat' dir='ltr'><strong>Certatum:</strong></span> <span class='ocrx_word' id='word_1_73' title='bbox 526 1548 664 1612; x_wconf 76' lang='lat' dir='ltr'>Ecclesia</span> <span class='ocrx_word' id='word_1_74' title='bbox 688 1550 748 1614; x_wconf 89' lang='lat' dir='ltr'><strong>Dei</strong></span> <span class='ocrx_word' id='word_1_75' title='bbox 773 1550 844 1627; x_wconf 81' lang='lat' dir='ltr'><strong>vivi,</strong></span> <span class='ocrx_word' id='word_1_76' title='bbox 866 1546 1009 1611; x_wconf 86' lang='lat' dir='ltr'><strong>columna</strong></span> <span class='ocrx_word' id='word_1_77' title='bbox 1029 1559 1059 1610; x_wconf 85' lang='lat' dir='ltr'><strong>et</strong></span> <span class='ocrx_word' id='word_1_78' title='bbox 1080 1543 1139 1607; x_wconf 87' lang='lat' dir='ltr'><strong>fir·</strong></span> 
     </span>
    </p>
   </div>
   <div class='ocr_carea' id='block_1_5' title="bbox 63 1660 789 1922">
    <p class='ocr_par' dir='ltr' id='par_1_5' title="bbox 63 1660 789 1922">
     <span class='ocr_line' id='line_1_12' title="bbox 63 1660 526 1749; baseline -0.009 -26"><span class='ocrx_word' id='word_1_79' title='bbox 63 1670 252 1723; x_wconf 84' lang='lat' dir='ltr'><strong>momentum</strong></span> <span class='ocrx_word' id='word_1_80' title='bbox 276 1660 423 1720; x_wconf 79' lang='lat' dir='ltr'><strong>veritatis.</strong></span> <span class='ocrx_word' id='word_1_81' title='bbox 523 1744 526 1749; x_wconf 28' lang='grc' dir='ltr'>Ι</span> 
     </span>
     <span class='ocr_line' id='line_1_13' title="bbox 414 1824 789 1922; baseline 0.005 -3"><span class='ocrx_word' id='word_1_82' title='bbox 414 1824 789 1922; x_wconf 75' lang='lat' dir='ltr'><strong>errans</strong></span> 
     </span>
    </p>
   </div>
   <div class='ocr_carea' id='block_1_6' title="bbox 64 2034 1355 2205">
    <p class='ocr_par' dir='ltr' id='par_1_6' title="bbox 64 2034 1355 2205">
     <span class='ocr_line' id='line_1_14' title="bbox 152 2034 1287 2122; baseline -0.013 -18"><span class='ocrx_word' id='word_1_83' title='bbox 152 2047 180 2104; x_wconf 86' lang='lat' dir='ltr'><strong>l·</strong></span> <span class='ocrx_word' id='word_1_84' title='bbox 219 2034 256 2096; x_wconf 84' lang='lat' dir='ltr'><strong>A.</strong></span> <span class='ocrx_word' id='word_1_85' title='bbox 278 2038 627 2100; x_wconf 79' lang='lat' dir='ltr'><strong>THEOPHYLACTUS</strong></span> <span class='ocrx_word' id='word_1_86' title='bbox 648 2042 797 2122; x_wconf 87' lang='lat' dir='ltr'><strong>ia-eaput</strong></span> <span class='ocrx_word' id='word_1_87' title='bbox 816 2037 1010 2100; x_wconf 87' lang='lat' dir='ltr'><strong>undecimum</strong></span> <span class='ocrx_word' id='word_1_88' title='bbox 1032 2034 1056 2094; x_wconf 92' lang='lat'><strong>1.</strong></span> <span class='ocrx_word' id='word_1_89' title='bbox 1069 2034 1287 2099; x_wconf 67' lang='lat' dir='ltr'><strong>co-munm</strong></span> 
     </span>
     <span class='ocr_line' id='line_1_15' title="bbox 64 2096 1355 2205; baseline -0.008 -21"><span class='ocrx_word' id='word_1_90' title='bbox 64 2119 168 2184; x_wconf 74' lang='lat' dir='ltr'><strong>rinths</strong></span> <span class='ocrx_word' id='word_1_91' title='bbox 210 2119 279 2182; x_wconf 86' lang='lat' dir='ltr'><strong>Non</strong></span> <span class='ocrx_word' id='word_1_92' title='bbox 305 2123 396 2183; x_wconf 87' lang='lat' dir='ltr'><strong>alium</strong></span> <span class='ocrx_word' id='word_1_93' title='bbox 426 2123 484 2182; x_wconf 89' lang='lat' dir='ltr'><strong>tibi</strong></span> <span class='ocrx_word' id='word_1_94' title='bbox 509 2125 644 2205; x_wconf 89' lang='lat' dir='ltr'><strong>judicem</strong></span> <span class='ocrx_word' id='word_1_95' title='bbox 666 2127 820 2200; x_wconf 81' lang='lat' dir='ltr'><strong>attribuo,</strong></span> <span class='ocrx_word' id='word_1_96' title='bbox 848 2144 954 2182; x_wconf 89' lang='lat' dir='ltr'><strong>verum</strong></span> <span class='ocrx_word' id='word_1_97' title='bbox 975 2133 1006 2180; x_wconf 89' lang='lat' dir='ltr'><strong>te</strong></span> <span class='ocrx_word' id='word_1_98' title='bbox 1033 2121 1132 2202; x_wconf 90' lang='lat' dir='ltr'><strong>ipsum</strong></span> <span class='ocrx_word' id='word_1_99' title='bbox 1141 2096 1308 2189; x_wconf 43' lang='lat' dir='ltr'><strong>23⁰⁴?ss</strong></span> <span class='ocrx_word' id='word_1_100' title='bbox 1349 2176 1355 2185; x_wconf 53' lang='lat'><strong>„</strong></span> 
     </span>
    </p>
   </div>
   <div class='ocr_carea' id='block_1_7' title="bbox 61 2194 1372 4134">
    <p class='ocr_par' dir='ltr' id='par_1_7' title="bbox 64 2194 1275 2373">
     <span class='ocr_line' id='line_1_16' title="bbox 64 2194 1275 2292; baseline -0.003 -25"><span class='ocrx_word' id='word_1_101' title='bbox 64 2207 124 2267; x_wconf 85' lang='lat' dir='ltr'><strong>tibi</strong></span> <span class='ocrx_word' id='word_1_102' title='bbox 151 2206 210 2286; x_wconf 89' lang='lat' dir='ltr'><strong>ipsi</strong></span> <span class='ocrx_word' id='word_1_103' title='bbox 231 2207 419 2268; x_wconf 91' lang='lat' dir='ltr'><strong>commendo.</strong></span> <span class='ocrx_word' id='word_1_104' title='bbox 461 2208 572 2268; x_wconf 78' lang='lat' dir='ltr'><strong>ludica</strong></span> <span class='ocrx_word' id='word_1_105' title='bbox 592 2213 687 2292; x_wconf 80' lang='lat' dir='ltr'><strong>igitur</strong></span> <span class='ocrx_word' id='word_1_106' title='bbox 720 2221 751 2269; x_wconf 83' lang='lat' dir='ltr'><strong>et</strong></span> <span class='ocrx_word' id='word_1_107' title='bbox 773 2208 898 2290; x_wconf 80' lang='lat' dir='ltr'><strong>explora</strong></span> <span class='ocrx_word' id='word_1_108' title='bbox 919 2204 1134 2265; x_wconf 84' lang='lat' dir='ltr'><strong>conscientiam</strong></span> <span class='ocrx_word' id='word_1_109' title='bbox 1143 2194 1243 2237; x_wconf 57' lang='lat' dir='ltr'><strong>‘&#39;¹⁰¹&#39;ss</strong></span> <span class='ocrx_word' id='word_1_110' title='bbox 1271 2256 1275 2263; x_wconf 91' lang='lat'><strong>.</strong></span> 
     </span>
     <span class='ocr_line' id='line_1_17' title="bbox 67 2287 1133 2373; baseline -0.004 -24"><span class='ocrx_word' id='word_1_111' title='bbox 67 2300 159 2363; x_wconf 71' lang='lat' dir='ltr'><strong>mam,</strong></span> <span class='ocrx_word' id='word_1_112' title='bbox 183 2294 275 2350; x_wconf 88' lang='lat' dir='ltr'><strong>etsie</strong></span> <span class='ocrx_word' id='word_1_113' title='bbox 296 2294 415 2368; x_wconf 89' lang='lat' dir='ltr'><strong>aceede,</strong></span> <span class='ocrx_word' id='word_1_114' title='bbox 440 2313 503 2352; x_wconf 92' lang='lat' dir='ltr'><strong>non</strong></span> <span class='ocrx_word' id='word_1_115' title='bbox 526 2293 652 2373; x_wconf 81' lang='lat' dir='ltr'><strong>quando</strong></span> <span class='ocrx_word' id='word_1_116' title='bbox 672 2293 791 2353; x_wconf 78' lang='lat' dir='ltr'><strong>fuerint</strong></span> <span class='ocrx_word' id='word_1_117' title='bbox 811 2292 914 2365; x_wconf 78' lang='lat' dir='ltr'><strong>leriae,</strong></span> <span class='ocrx_word' id='word_1_118' title='bbox 935 2287 989 2346; x_wconf 89' lang='lat' dir='ltr'><strong>sed</strong></span> <span class='ocrx_word' id='word_1_119' title='bbox 1010 2287 1133 2365; x_wconf 75' lang='lat' dir='ltr'><strong>quando</strong></span> 
     </span>
    </p>

    <p class='ocr_par' dir='ltr' id='par_1_8' title="bbox 70 2376 738 2458">
     <span class='ocr_line' id='line_1_18' title="bbox 70 2376 738 2458; baseline -0.004 -23"><span class='ocrx_word' id='word_1_120' title='bbox 70 2392 180 2455; x_wconf 74' lang='lat' dir='ltr'><strong>purum</strong></span> <span class='ocrx_word' id='word_1_121' title='bbox 201 2387 232 2436; x_wconf 90' lang='lat' dir='ltr'><strong>te</strong></span> <span class='ocrx_word' id='word_1_122' title='bbox 253 2376 351 2458; x_wconf 83' lang='lat' dir='ltr'><strong>ipsum</strong></span> <span class='ocrx_word' id='word_1_123' title='bbox 375 2397 410 2435; x_wconf 90' lang='lat' dir='ltr'><strong>ac</strong></span> <span class='ocrx_word' id='word_1_124' title='bbox 432 2376 559 2458; x_wconf 78' lang='lat' dir='ltr'><strong>dignum</strong></span> <span class='ocrx_word' id='word_1_125' title='bbox 580 2377 738 2433; x_wconf 86' lang='lat' dir='ltr'><strong>inveneris.</strong></span> 
     </span>
    </p>

    <p class='ocr_par' dir='ltr' id='par_1_9' title="bbox 61 2451 1372 3875">
     <span class='ocr_line' id='line_1_19' title="bbox 94 2451 1244 2531; baseline -0.014 -9"><span class='ocrx_word' id='word_1_126' title='bbox 94 2466 97 2471; x_wconf 83' lang='lat'>&#39;</span> <span class='ocrx_word' id='word_1_127' title='bbox 151 2468 180 2523; x_wconf 75' lang='lat'><strong>2·</strong></span> <span class='ocrx_word' id='word_1_128' title='bbox 222 2456 434 2519; x_wconf 82' lang='lat' dir='ltr'><strong>ANSELMUS</strong></span> <span class='ocrx_word' id='word_1_129' title='bbox 456 2461 488 2517; x_wconf 89' lang='lat' dir='ltr'><strong>in</strong></span> <span class='ocrx_word' id='word_1_130' title='bbox 519 2459 649 2516; x_wconf 89' lang='lat' dir='ltr'><strong>eundem</strong></span> <span class='ocrx_word' id='word_1_131' title='bbox 678 2459 799 2516; x_wconf 79' lang='lat' dir='ltr'><strong>locum:</strong></span> <span class='ocrx_word' id='word_1_132' title='bbox 842 2451 938 2512; x_wconf 86' lang='lat' dir='ltr'><strong>Nemo</strong></span> <span class='ocrx_word' id='word_1_133' title='bbox 964 2461 1135 2531; x_wconf 87' lang='lat' dir='ltr'><strong>praesumat</strong></span> <span class='ocrx_word' id='word_1_134' title='bbox 1216 2484 1244 2495; x_wconf 55' lang='lat'><strong>·‹</strong></span> 
     </span>
     <span class='ocr_line' id='line_1_20' title="bbox 68 2527 1307 2628; baseline -0.004 -30"><span class='ocrx_word' id='word_1_135' title='bbox 68 2530 213 2601; x_wconf 80' lang='lat' dir='ltr'><strong>accedere</strong></span> <span class='ocrx_word' id='word_1_136' title='bbox 245 2544 398 2626; x_wconf 81' lang='lat' dir='ltr'><strong>indignus,</strong></span> <span class='ocrx_word' id='word_1_137' title='bbox 420 2541 474 2601; x_wconf 89' lang='lat' dir='ltr'><strong>sed</strong></span> <span class='ocrx_word' id='word_1_138' title='bbox 507 2541 622 2615; x_wconf 88' lang='lat' dir='ltr'><strong>homo,</strong></span> <span class='ocrx_word' id='word_1_139' title='bbox 645 2538 678 2596; x_wconf 93' lang='lat' dir='ltr'><strong>id</strong></span> <span class='ocrx_word' id='word_1_140' title='bbox 699 2550 760 2615; x_wconf 87' lang='lat' dir='ltr'><strong>est,</strong></span> <span class='ocrx_word' id='word_1_141' title='bbox 789 2534 1012 2596; x_wconf 82' lang='lat' dir='ltr'><strong>rationabiliter</strong></span> <span class='ocrx_word' id='word_1_142' title='bbox 1034 2550 1133 2617; x_wconf 83' lang='lat' dir='ltr'><strong>agens,</strong></span> <span class='ocrx_word' id='word_1_143' title='bbox 1144 2527 1307 2628; x_wconf 49' lang='lat' dir='ltr'><strong>,fflss&#39;lffiu</strong></span> 
     </span>
     <span class='ocr_line' id='line_1_21' title="bbox 65 2620 1282 2706; baseline -0.005 -24"><span class='ocrx_word' id='word_1_144' title='bbox 65 2622 199 2706; x_wconf 71' lang='lat' dir='ltr'><strong>probet,</strong></span> <span class='ocrx_word' id='word_1_145' title='bbox 221 2625 253 2685; x_wconf 91' lang='lat' dir='ltr'><strong>id</strong></span> <span class='ocrx_word' id='word_1_146' title='bbox 275 2640 338 2700; x_wconf 89' lang='lat' dir='ltr'><strong>est,</strong></span> <span class='ocrx_word' id='word_1_147' title='bbox 362 2624 506 2685; x_wconf 88' lang='lat' dir='ltr'><strong>discutiat</strong></span> <span class='ocrx_word' id='word_1_148' title='bbox 536 2637 566 2683; x_wconf 90' lang='lat' dir='ltr'><strong>et</strong></span> <span class='ocrx_word' id='word_1_149' title='bbox 588 2625 733 2682; x_wconf 83' lang='lat' dir='ltr'><strong>examinet</strong></span> <span class='ocrx_word' id='word_1_150' title='bbox 764 2623 850 2705; x_wconf 78' lang='lat' dir='ltr'><strong>prius</strong></span> <span class='ocrx_word' id='word_1_151' title='bbox 872 2640 903 2679; x_wconf 90' lang='lat' dir='ltr'><strong>se</strong></span> <span class='ocrx_word' id='word_1_152' title='bbox 936 2622 1044 2702; x_wconf 82' lang='lat' dir='ltr'><strong>ipsum,</strong></span> <span class='ocrx_word' id='word_1_153' title='bbox 1079 2620 1133 2700; x_wconf 88' lang='lat' dir='ltr'><strong>qui</strong></span> <span class='ocrx_word' id='word_1_154' title='bbox 1144 2630 1282 2668; x_wconf 72' lang='lat' dir='ltr'><strong>communio-</strong></span> 
     </span>
     <span class='ocr_line' id='line_1_22' title="bbox 66 2688 1307 2790; baseline 0.002 -24"><span class='ocrx_word' id='word_1_155' title='bbox 66 2708 155 2766; x_wconf 85' lang='lat' dir='ltr'><strong>etiam</strong></span> <span class='ocrx_word' id='word_1_156' title='bbox 181 2729 216 2767; x_wconf 80' lang='lat' dir='ltr'><strong>ex</strong></span> <span class='ocrx_word' id='word_1_157' title='bbox 239 2730 288 2784; x_wconf 88' lang='lat' dir='ltr'><strong>eo,</strong></span> <span class='ocrx_word' id='word_1_158' title='bbox 310 2708 395 2789; x_wconf 88' lang='lat' dir='ltr'><strong>quod</strong></span> <span class='ocrx_word' id='word_1_159' title='bbox 416 2707 509 2766; x_wconf 90' lang='lat' dir='ltr'><strong>homo</strong></span> <span class='ocrx_word' id='word_1_160' title='bbox 525 2710 586 2782; x_wconf 76' lang='lat' dir='ltr'><strong>est,</strong></span> <span class='ocrx_word' id='word_1_161' title='bbox 607 2708 671 2767; x_wconf 91' lang='lat' dir='ltr'><strong>sine</strong></span> <span class='ocrx_word' id='word_1_162' title='bbox 692 2718 819 2790; x_wconf 87' lang='lat' dir='ltr'><strong>peccato</strong></span> <span class='ocrx_word' id='word_1_163' title='bbox 837 2725 900 2765; x_wconf 88' lang='lat' dir='ltr'><strong>non</strong></span> <span class='ocrx_word' id='word_1_164' title='bbox 923 2717 975 2764; x_wconf 81' lang='lat' dir='ltr'><strong>est.</strong></span> <span class='ocrx_word' id='word_1_165' title='bbox 1017 2702 1134 2763; x_wconf 87' lang='lat' dir='ltr'><strong>Probet</strong></span> <span class='ocrx_word' id='word_1_166' title='bbox 1144 2688 1307 2768; x_wconf 47' lang='lat' dir='ltr'><strong>mm..</strong></span> 
     </span>
     <span class='ocr_line' id='line_1_23' title="bbox 66 2774 1223 2876; baseline -0.003 -26"><span class='ocrx_word' id='word_1_167' title='bbox 66 2802 155 2851; x_wconf 86' lang='lat' dir='ltr'><strong>antea</strong></span> <span class='ocrx_word' id='word_1_168' title='bbox 177 2812 209 2850; x_wconf 91' lang='lat' dir='ltr'><strong>se</strong></span> <span class='ocrx_word' id='word_1_169' title='bbox 230 2794 351 2874; x_wconf 88' lang='lat' dir='ltr'><strong>ipsum,</strong></span> <span class='ocrx_word' id='word_1_170' title='bbox 380 2792 411 2850; x_wconf 94' lang='lat' dir='ltr'><strong>id</strong></span> <span class='ocrx_word' id='word_1_171' title='bbox 434 2801 493 2864; x_wconf 89' lang='lat' dir='ltr'><strong>est,</strong></span> <span class='ocrx_word' id='word_1_172' title='bbox 515 2793 606 2851; x_wconf 84' lang='lat' dir='ltr'><strong>vitam</strong></span> <span class='ocrx_word' id='word_1_173' title='bbox 626 2812 710 2852; x_wconf 87' lang='lat' dir='ltr'><strong>suam</strong></span> <span class='ocrx_word' id='word_1_174' title='bbox 731 2793 873 2876; x_wconf 84' lang='lat' dir='ltr'><strong>inspiciat</strong></span> <span class='ocrx_word' id='word_1_175' title='bbox 903 2801 933 2849; x_wconf 88' lang='lat' dir='ltr'><strong>et</strong></span> <span class='ocrx_word' id='word_1_176' title='bbox 955 2788 1133 2866; x_wconf 86' lang='lat' dir='ltr'><strong>consideret,</strong></span> <span class='ocrx_word' id='word_1_177' title='bbox 1143 2774 1223 2829; x_wconf 56' lang='lat'><strong>⁸⁶⁰³*-</strong></span> 
     </span>
     <span class='ocr_line' id='line_1_24' title="bbox 64 2874 1134 2956; baseline -0.002 -23"><span class='ocrx_word' id='word_1_178' title='bbox 64 2894 105 2933; x_wconf 87' lang='lat' dir='ltr'><strong>an</strong></span> <span class='ocrx_word' id='word_1_179' title='bbox 125 2875 218 2956; x_wconf 77' lang='lat' dir='ltr'><strong>digne</strong></span> <span class='ocrx_word' id='word_1_180' title='bbox 238 2877 337 2955; x_wconf 89' lang='lat' dir='ltr'><strong>possit</strong></span> <span class='ocrx_word' id='word_1_181' title='bbox 358 2874 520 2951; x_wconf 89' lang='lat' dir='ltr'><strong>accedere,</strong></span> <span class='ocrx_word' id='word_1_182' title='bbox 542 2875 588 2935; x_wconf 84' lang='lat' dir='ltr'><strong>vel</strong></span> <span class='ocrx_word' id='word_1_183' title='bbox 611 2897 682 2936; x_wconf 91' lang='lat' dir='ltr'><strong>non.</strong></span> <span class='ocrx_word' id='word_1_184' title='bbox 724 2877 808 2937; x_wconf 86' lang='lat' dir='ltr'><strong>Raro</strong></span> <span class='ocrx_word' id='word_1_185' title='bbox 828 2877 906 2936; x_wconf 88' lang='lat' dir='ltr'><strong>enim</strong></span> <span class='ocrx_word' id='word_1_186' title='bbox 927 2887 1029 2956; x_wconf 87' lang='lat' dir='ltr'><strong>potest</strong></span> <span class='ocrx_word' id='word_1_187' title='bbox 1048 2875 1134 2932; x_wconf 87' lang='lat' dir='ltr'><strong>inve-</strong></span> 
     </span>
     <span class='ocr_line' id='line_1_25' title="bbox 61 2958 1215 3040; baseline -0.001 -23"><span class='ocrx_word' id='word_1_188' title='bbox 61 2959 125 3017; x_wconf 89' lang='lat' dir='ltr'><strong>niri</strong></span> <span class='ocrx_word' id='word_1_189' title='bbox 149 2958 321 3036; x_wconf 74' lang='lat' dir='ltr'><strong>quisquam·</strong></span> <span class='ocrx_word' id='word_1_190' title='bbox 332 2960 372 3017; x_wconf 88' lang='lat' dir='ltr'><strong>ita</strong></span> <span class='ocrx_word' id='word_1_191' title='bbox 391 2978 515 3040; x_wconf 77' lang='lat' dir='ltr'><strong>magnus</strong></span> <span class='ocrx_word' id='word_1_192' title='bbox 537 2971 568 3019; x_wconf 92' lang='lat' dir='ltr'><strong>et</strong></span> <span class='ocrx_word' id='word_1_193' title='bbox 594 2962 705 3040; x_wconf 90' lang='lat' dir='ltr'><strong>justus,</strong></span> <span class='ocrx_word' id='word_1_194' title='bbox 728 2975 764 3022; x_wconf 96' lang='lat' dir='ltr'><strong>ut</strong></span> <span class='ocrx_word' id='word_1_195' title='bbox 785 2964 816 3021; x_wconf 94' lang='lat' dir='ltr'><strong>in</strong></span> <span class='ocrx_word' id='word_1_196' title='bbox 834 2982 870 3020; x_wconf 91' lang='lat' dir='ltr'><strong>eo</strong></span> <span class='ocrx_word' id='word_1_197' title='bbox 891 2978 946 3039; x_wconf 87' lang='lat' dir='ltr'><strong>per</strong></span> <span class='ocrx_word' id='word_1_198' title='bbox 968 2958 1134 3027; x_wconf 84' lang='lat' dir='ltr'><strong>discussio·</strong></span> <span class='ocrx_word' id='word_1_199' title='bbox 1212 3026 1215 3031; x_wconf 27' lang='grc' dir='ltr'>Ι</span> 
     </span>
     <span class='ocr_line' id='line_1_26' title="bbox 61 3043 1134 3126; baseline -0.002 -25"><span class='ocrx_word' id='word_1_200' title='bbox 61 3061 135 3101; x_wconf 82' lang='lat' dir='ltr'><strong>nem</strong></span> <span class='ocrx_word' id='word_1_201' title='bbox 156 3059 224 3109; x_wconf 57' lang='lat' dir='ltr'><strong>non,</strong></span> <span class='ocrx_word' id='word_1_202' title='bbox 240 3043 410 3100; x_wconf 88' lang='lat' dir='ltr'><strong>inveniatur</strong></span> <span class='ocrx_word' id='word_1_203' title='bbox 431 3043 557 3122; x_wconf 89' lang='lat' dir='ltr'><strong>aliquid,</strong></span> <span class='ocrx_word' id='word_1_204' title='bbox 580 3046 666 3126; x_wconf 94' lang='lat' dir='ltr'><strong>quod</strong></span> <span class='ocrx_word' id='word_1_205' title='bbox 688 3045 797 3106; x_wconf 89' lang='lat' dir='ltr'><strong>debeat</strong></span> <span class='ocrx_word' id='word_1_206' title='bbox 820 3065 889 3103; x_wconf 89' lang='lat' dir='ltr'><strong>eum</strong></span> <span class='ocrx_word' id='word_1_207' title='bbox 910 3061 928 3099; x_wconf 90' lang='lat' dir='ltr'><strong>a</strong></span> <span class='ocrx_word' id='word_1_208' title='bbox 949 3059 1081 3122; x_wconf 72' lang='lat' dir='ltr'><strong>corpore</strong></span> <span class='ocrx_word' id='word_1_209' title='bbox 1103 3051 1134 3099; x_wconf 91' lang='lat' dir='ltr'><strong>et</strong></span> 
     </span>
     <span class='ocr_line' id='line_1_27' title="bbox 65 3123 1303 3207; baseline 0.002 -24"><span class='ocrx_word' id='word_1_210' title='bbox 65 3124 216 3207; x_wconf 78' lang='lat' dir='ltr'><strong>sanguine</strong></span> <span class='ocrx_word' id='word_1_211' title='bbox 239 3125 362 3185; x_wconf 89' lang='lat' dir='ltr'><strong>Domini</strong></span> <span class='ocrx_word' id='word_1_212' title='bbox 396 3127 569 3204; x_wconf 81' lang='lat' dir='ltr'><strong>retardare,</strong></span> <span class='ocrx_word' id='word_1_213' title='bbox 608 3130 665 3188; x_wconf 88' lang='lat' dir='ltr'><strong>nisi</strong></span> <span class='ocrx_word' id='word_1_214' title='bbox 690 3130 843 3190; x_wconf 87' lang='lat' dir='ltr'><strong>confessus</strong></span> <span class='ocrx_word' id='word_1_215' title='bbox 869 3125 963 3184; x_wconf 85' lang='lat' dir='ltr'><strong>fuerit</strong></span> <span class='ocrx_word' id='word_1_216' title='bbox 995 3123 1081 3196; x_wconf 90' lang='lat' dir='ltr'><strong>illud,</strong></span> <span class='ocrx_word' id='word_1_217' title='bbox 1104 3134 1133 3181; x_wconf 91' lang='lat' dir='ltr'><strong>et</strong></span> <span class='ocrx_word' id='word_1_218' title='bbox 1144 3127 1303 3204; x_wconf 61' lang='lat' dir='ltr'><strong>cantantque</strong></span> 
     </span>
     <span class='ocr_line' id='line_1_28' title="bbox 64 3196 1293 3292; baseline -0.001 -26"><span class='ocrx_word' id='word_1_219' title='bbox 64 3228 125 3292; x_wconf 79' lang='lat' dir='ltr'><strong>per</strong></span> <span class='ocrx_word' id='word_1_220' title='bbox 147 3209 362 3289; x_wconf 82' lang='lat' dir='ltr'><strong>poenitentram</strong></span> <span class='ocrx_word' id='word_1_221' title='bbox 384 3210 536 3272; x_wconf 84' lang='lat' dir='ltr'><strong>deleverit.</strong></span> <span class='ocrx_word' id='word_1_222' title='bbox 579 3212 696 3274; x_wconf 86' lang='lat' dir='ltr'><strong>Probet</strong></span> <span class='ocrx_word' id='word_1_223' title='bbox 722 3234 763 3288; x_wconf 88' lang='lat' dir='ltr'><strong>se,</strong></span> <span class='ocrx_word' id='word_1_224' title='bbox 785 3212 888 3284; x_wconf 89' lang='lat' dir='ltr'><strong>etsie,</strong></span> <span class='ocrx_word' id='word_1_225' title='bbox 911 3206 944 3266; x_wconf 93' lang='lat' dir='ltr'><strong>id</strong></span> <span class='ocrx_word' id='word_1_226' title='bbox 967 3218 1019 3282; x_wconf 89' lang='lat' dir='ltr'><strong>est,</strong></span> <span class='ocrx_word' id='word_1_227' title='bbox 1045 3196 1293 3288; x_wconf 64' lang='lat' dir='ltr'><strong>posi-⁹⁰⁸”¹‘⁸¹²t⁸··</strong></span> 
     </span>
     <span class='ocr_line' id='line_1_29' title="bbox 64 3291 1225 3379; baseline 0.001 -29"><span class='ocrx_word' id='word_1_228' title='bbox 64 3311 158 3374; x_wconf 87' lang='lat' dir='ltr'><strong>quam</strong></span> <span class='ocrx_word' id='word_1_229' title='bbox 179 3312 210 3351; x_wconf 90' lang='lat' dir='ltr'><strong>se</strong></span> <span class='ocrx_word' id='word_1_230' title='bbox 231 3292 417 3376; x_wconf 82' lang='lat' dir='ltr'><strong>probaverit,</strong></span> <span class='ocrx_word' id='word_1_231' title='bbox 440 3293 510 3354; x_wconf 90' lang='lat' dir='ltr'><strong>edat</strong></span> <span class='ocrx_word' id='word_1_232' title='bbox 537 3295 575 3355; x_wconf 90' lang='lat' dir='ltr'><strong>de</strong></span> <span class='ocrx_word' id='word_1_233' title='bbox 605 3318 684 3379; x_wconf 83' lang='lat' dir='ltr'><strong>pane</strong></span> <span class='ocrx_word' id='word_1_234' title='bbox 706 3296 771 3370; x_wconf 87' lang='lat' dir='ltr'><strong>illo,</strong></span> <span class='ocrx_word' id='word_1_235' title='bbox 797 3308 827 3356; x_wconf 88' lang='lat' dir='ltr'><strong>et</strong></span> <span class='ocrx_word' id='word_1_236' title='bbox 847 3293 935 3352; x_wconf 88' lang='lat' dir='ltr'><strong>bibat</strong></span> <span class='ocrx_word' id='word_1_237' title='bbox 964 3291 1002 3351; x_wconf 90' lang='lat' dir='ltr'><strong>de</strong></span> <span class='ocrx_word' id='word_1_238' title='bbox 1027 3291 1128 3366; x_wconf 88' lang='lat' dir='ltr'><strong>calice,</strong></span> <span class='ocrx_word' id='word_1_239' title='bbox 1212 3342 1225 3351; x_wconf 90' lang='lat'><strong>..</strong></span> 
     </span>
     <span class='ocr_line' id='line_1_30' title="bbox 64 3377 1265 3463; baseline -0.001 -30"><span class='ocrx_word' id='word_1_240' title='bbox 64 3377 139 3456; x_wconf 88' lang='lat' dir='ltr'><strong>qnia</strong></span> <span class='ocrx_word' id='word_1_241' title='bbox 167 3388 241 3436; x_wconf 89' lang='lat' dir='ltr'><strong>tune</strong></span> <span class='ocrx_word' id='word_1_242' title='bbox 271 3380 299 3437; x_wconf 86' lang='lat' dir='ltr'><strong>ei</strong></span> <span class='ocrx_word' id='word_1_243' title='bbox 319 3379 466 3460; x_wconf 89' lang='lat' dir='ltr'><strong>proderit.</strong></span> <span class='ocrx_word' id='word_1_244' title='bbox 508 3379 584 3440; x_wconf 88' lang='lat' dir='ltr'><strong>Ideo</strong></span> <span class='ocrx_word' id='word_1_245' title='bbox 613 3383 704 3463; x_wconf 86' lang='lat' dir='ltr'><strong>prius·</strong></span> <span class='ocrx_word' id='word_1_246' title='bbox 730 3401 762 3441; x_wconf 88' lang='lat' dir='ltr'><strong>se</strong></span> <span class='ocrx_word' id='word_1_247' title='bbox 794 3378 938 3439; x_wconf 84' lang='lat' dir='ltr'><strong>discutiat</strong></span> <span class='ocrx_word' id='word_1_248' title='bbox 959 3390 991 3435; x_wconf 92' lang='lat' dir='ltr'><strong>et</strong></span> <span class='ocrx_word' id='word_1_249' title='bbox 1011 3388 1130 3458; x_wconf 83' lang='lat' dir='ltr'><strong>purget,</strong></span> <span class='ocrx_word' id='word_1_250' title='bbox 1203 3388 1225 3399; x_wconf 77' lang='lat'><strong>¹·</strong></span> <span class='ocrx_word' id='word_1_251' title='bbox 1262 3389 1265 3398; x_wconf 60' lang='lat'>¹</span> 
     </span>
     <span class='ocr_line' id='line_1_31' title="bbox 66 3460 1279 3549; baseline -0.002 -31"><span class='ocrx_word' id='word_1_252' title='bbox 66 3460 149 3539; x_wconf 85' lang='lat' dir='ltr'><strong>quia,</strong></span> <span class='ocrx_word' id='word_1_253' title='bbox 172 3462 226 3541; x_wconf 91' lang='lat' dir='ltr'><strong>qui</strong></span> <span class='ocrx_word' id='word_1_254' title='bbox 247 3463 411 3522; x_wconf 82' lang='lat' dir='ltr'><strong>manducat</strong></span> <span class='ocrx_word' id='word_1_255' title='bbox 431 3474 461 3523; x_wconf 91' lang='lat' dir='ltr'><strong>et</strong></span> <span class='ocrx_word' id='word_1_256' title='bbox 481 3462 562 3522; x_wconf 89' lang='lat' dir='ltr'><strong>bibit</strong></span> <span class='ocrx_word' id='word_1_257' title='bbox 584 3464 722 3549; x_wconf 81' lang='lat' dir='ltr'><strong>indigne,</strong></span> <span class='ocrx_word' id='word_1_258' title='bbox 744 3464 853 3537; x_wconf 85' lang='lat' dir='ltr'><strong>idest,</strong></span> <span class='ocrx_word' id='word_1_259' title='bbox 875 3463 939 3521; x_wconf 87' lang='lat' dir='ltr'><strong>sine</strong></span> <span class='ocrx_word' id='word_1_260' title='bbox 953 3461 1000 3518; x_wconf 91' lang='lat' dir='ltr'><strong>sui</strong></span> <span class='ocrx_word' id='word_1_261' title='bbox 1022 3461 1131 3518; x_wconf 84' lang='lat' dir='ltr'><strong>exami-</strong></span> <span class='ocrx_word' id='word_1_262' title='bbox 1184 3522 1189 3533; x_wconf 43' lang='grc' dir='ltr'>Ι</span> <span class='ocrx_word' id='word_1_263' title='bbox 1273 3522 1279 3534; x_wconf 55' lang='grc'><strong>,</strong></span> 
     </span>
     <span class='ocr_line' id='line_1_32' title="bbox 63 3519 1300 3627; baseline 0.001 -25"><span class='ocrx_word' id='word_1_264' title='bbox 63 3545 197 3620; x_wconf 86' lang='lat' dir='ltr'><strong>natione,</strong></span> <span class='ocrx_word' id='word_1_265' title='bbox 224 3544 377 3625; x_wconf 83' lang='lat' dir='ltr'><strong>judicium</strong></span> <span class='ocrx_word' id='word_1_266' title='bbox 396 3547 454 3607; x_wconf 94' lang='lat' dir='ltr'><strong>sibi</strong></span> <span class='ocrx_word' id='word_1_267' title='bbox 478 3547 640 3610; x_wconf 85' lang='lat' dir='ltr'><strong>manducat</strong></span> <span class='ocrx_word' id='word_1_268' title='bbox 659 3560 690 3609; x_wconf 92' lang='lat' dir='ltr'><strong>et</strong></span> <span class='ocrx_word' id='word_1_269' title='bbox 708 3547 799 3608; x_wconf 86' lang='lat' dir='ltr'><strong>bibit.</strong></span> <span class='ocrx_word' id='word_1_270' title='bbox 841 3545 969 3627; x_wconf 79' lang='lat' dir='ltr'><strong>indigne</strong></span> <span class='ocrx_word' id='word_1_271' title='bbox 1002 3519 1300 3614; x_wconf 57' lang='lat' dir='ltr'><strong>mandu-ffflffll„</strong></span> 
     </span>
     <span class='ocr_line' id='line_1_33' title="bbox 64 3626 1130 3716; baseline 0.001 -30"><span class='ocrx_word' id='word_1_272' title='bbox 64 3637 113 3688; x_wconf 76' lang='lat' dir='ltr'><strong>eat</strong></span> <span class='ocrx_word' id='word_1_273' title='bbox 133 3639 166 3688; x_wconf 87' lang='lat' dir='ltr'><strong>et</strong></span> <span class='ocrx_word' id='word_1_274' title='bbox 184 3627 275 3704; x_wconf 85' lang='lat' dir='ltr'><strong>bibit,</strong></span> <span class='ocrx_word' id='word_1_275' title='bbox 303 3633 358 3711; x_wconf 92' lang='lat' dir='ltr'><strong>qui</strong></span> <span class='ocrx_word' id='word_1_276' title='bbox 377 3631 426 3691; x_wconf 81' lang='lat' dir='ltr'><strong>vel</strong></span> <span class='ocrx_word' id='word_1_277' title='bbox 446 3630 569 3711; x_wconf 76' lang='lat' dir='ltr'><strong>aliquod</strong></span> <span class='ocrx_word' id='word_1_278' title='bbox 591 3653 680 3716; x_wconf 80' lang='lat' dir='ltr'><strong>grave</strong></span> <span class='ocrx_word' id='word_1_279' title='bbox 699 3644 878 3714; x_wconf 86' lang='lat' dir='ltr'><strong>peecatum,</strong></span> <span class='ocrx_word' id='word_1_280' title='bbox 900 3628 947 3687; x_wconf 82' lang='lat' dir='ltr'><strong>vel</strong></span> <span class='ocrx_word' id='word_1_281' title='bbox 970 3626 1065 3688; x_wconf 84' lang='lat' dir='ltr'><strong>multa</strong></span> <span class='ocrx_word' id='word_1_282' title='bbox 1084 3627 1130 3687; x_wconf 86' lang='lat' dir='ltr'><strong>le-</strong></span> 
     </span>
     <span class='ocr_line' id='line_1_34' title="bbox 64 3708 1236 3800; baseline 0.003 -32"><span class='ocrx_word' id='word_1_283' title='bbox 64 3711 112 3770; x_wconf 77' lang='lat' dir='ltr'><strong>via</strong></span> <span class='ocrx_word' id='word_1_284' title='bbox 132 3715 293 3790; x_wconf 83' lang='lat' dir='ltr'><strong>commisit,</strong></span> <span class='ocrx_word' id='word_1_285' title='bbox 315 3727 347 3774; x_wconf 88' lang='lat' dir='ltr'><strong>et</strong></span> <span class='ocrx_word' id='word_1_286' title='bbox 365 3736 426 3776; x_wconf 90' lang='lat' dir='ltr'><strong>non</strong></span> <span class='ocrx_word' id='word_1_287' title='bbox 445 3711 607 3775; x_wconf 87' lang='lat' dir='ltr'><strong>confitetur</strong></span> <span class='ocrx_word' id='word_1_288' title='bbox 628 3708 672 3794; x_wconf 84' lang='lat' dir='ltr'><strong>ea,</strong></span> <span class='ocrx_word' id='word_1_289' title='bbox 687 3719 864 3800; x_wconf 89' lang='lat' dir='ltr'><strong>priusquam</strong></span> <span class='ocrx_word' id='word_1_290' title='bbox 886 3712 926 3774; x_wconf 92' lang='lat' dir='ltr'><strong>ad</strong></span> <span class='ocrx_word' id='word_1_291' title='bbox 938 3712 1129 3775; x_wconf 75' lang='lat' dir='ltr'><strong>commuuio·</strong></span> <span class='ocrx_word' id='word_1_292' title='bbox 1173 3758 1176 3765; x_wconf 87' lang='lat'><strong>.</strong></span> <span class='ocrx_word' id='word_1_293' title='bbox 1231 3716 1236 3724; x_wconf 89' lang='lat'>&#39;</span> 
     </span>
     <span class='ocr_line' id='line_1_35' title="bbox 63 3796 1372 3869; baseline -0.001 -12"><span class='ocrx_word' id='word_1_294' title='bbox 63 3812 134 3857; x_wconf 79' lang='lat' dir='ltr'><strong>aem</strong></span> <span class='ocrx_word' id='word_1_295' title='bbox 155 3796 290 3863; x_wconf 78' lang='lat' dir='ltr'><strong>recedat.</strong></span> <span class='ocrx_word' id='word_1_296' title='bbox 875 3808 879 3815; x_wconf 90' lang='lat'>&#39;</span> <span class='ocrx_word' id='word_1_297' title='bbox 1221 3862 1224 3869; x_wconf 62' lang='grc'><strong>,</strong></span> <span class='ocrx_word' id='word_1_298' title='bbox 1363 3842 1372 3856; x_wconf 93' lang='grc'><strong><em>.</em></strong></span> 
     </span>
    </p>

    <p class='ocr_par' dir='ltr' id='par_1_10' title="bbox 62 3874 1273 4134">
     <span class='ocr_line' id='line_1_36' title="bbox 145 3874 1225 3965; baseline -0.005 -19"><span class='ocrx_word' id='word_1_299' title='bbox 145 3891 175 3946; x_wconf 80' lang='lat'><strong>3.</strong></span> <span class='ocrx_word' id='word_1_300' title='bbox 219 3881 456 3944; x_wconf 85' lang='lat' dir='ltr'>GREGORIUS</span> <span class='ocrx_word' id='word_1_301' title='bbox 485 3883 519 3943; x_wconf 90' lang='lat' dir='ltr'><strong>L.</strong></span> <span class='ocrx_word' id='word_1_302' title='bbox 550 3882 590 3942; x_wconf 89' lang='lat'><strong>11.</strong></span> <span class='ocrx_word' id='word_1_303' title='bbox 612 3903 639 3945; x_wconf 92' lang='lat' dir='ltr'><strong>e.</strong></span> <span class='ocrx_word' id='word_1_304' title='bbox 662 3896 689 3951; x_wconf 81' lang='lat'><strong>1.</strong></span> <span class='ocrx_word' id='word_1_305' title='bbox 720 3885 752 3945; x_wconf 93' lang='lat' dir='ltr'><strong>in</strong></span> <span class='ocrx_word' id='word_1_306' title='bbox 772 3884 797 3944; x_wconf 91' lang='lat'><strong>1.</strong></span> <span class='ocrx_word' id='word_1_307' title='bbox 824 3882 918 3965; x_wconf 78' lang='lat' dir='ltr'><strong>Reg.=</strong></span> <span class='ocrx_word' id='word_1_308' title='bbox 960 3880 1076 3942; x_wconf 88' lang='lat' dir='ltr'><strong>Probet</strong></span> <span class='ocrx_word' id='word_1_309' title='bbox 1095 3901 1127 3942; x_wconf 88' lang='lat' dir='ltr'><strong>se</strong></span> <span class='ocrx_word' id='word_1_310' title='bbox 1222 3874 1225 3879; x_wconf 69' lang='grc'><strong>’</strong></span> 
     </span>
     <span class='ocr_line' id='line_1_37' title="bbox 62 3954 1273 4050; baseline 0.007 -32"><span class='ocrx_word' id='word_1_311' title='bbox 62 3957 160 4041; x_wconf 80' lang='lat' dir='ltr'><strong>ipsum</strong></span> <span class='ocrx_word' id='word_1_312' title='bbox 182 3963 286 4042; x_wconf 87' lang='lat' dir='ltr'><strong>bomo,</strong></span> <span class='ocrx_word' id='word_1_313' title='bbox 309 3978 340 4027; x_wconf 88' lang='lat' dir='ltr'><strong>et</strong></span> <span class='ocrx_word' id='word_1_314' title='bbox 360 3968 464 4028; x_wconf 84' lang='lat' dir='ltr'><strong>sie&#39;de</strong></span> <span class='ocrx_word' id='word_1_315' title='bbox 484 3988 562 4050; x_wconf 87' lang='lat' dir='ltr'><strong>pane</strong></span> <span class='ocrx_word' id='word_1_316' title='bbox 594 3965 650 4027; x_wconf 92' lang='lat' dir='ltr'><strong>illo</strong></span> <span class='ocrx_word' id='word_1_317' title='bbox 673 3967 762 4042; x_wconf 89' lang='lat' dir='ltr'><strong>edat,</strong></span> <span class='ocrx_word' id='word_1_318' title='bbox 786 3960 876 4028; x_wconf 83' lang='lat' dir='ltr'><strong>etde</strong></span> <span class='ocrx_word' id='word_1_319' title='bbox 903 3963 999 4026; x_wconf 84' lang='lat' dir='ltr'><strong>calice</strong></span> <span class='ocrx_word' id='word_1_320' title='bbox 1014 3965 1124 4027; x_wconf 77' lang='lat' dir='ltr'><strong>&#39;bibat</strong></span> <span class='ocrx_word' id='word_1_321' title='bbox 1162 3954 1273 4049; x_wconf 48' lang='lat' dir='ltr'><strong>fiffiff‘m</strong></span> 
     </span>
     <span class='ocr_line' id='line_1_38' title="bbox 65 4022 1167 4134; baseline 0.005 -28"><span class='ocrx_word' id='word_1_322' title='bbox 65 4043 148 4120; x_wconf 86' lang='lat' dir='ltr'><strong>Quid</strong></span> <span class='ocrx_word' id='word_1_323' title='bbox 169 4051 246 4109; x_wconf 92' lang='lat' dir='ltr'><strong>enim</strong></span> <span class='ocrx_word' id='word_1_324' title='bbox 268 4063 314 4111; x_wconf 92' lang='lat' dir='ltr'><strong>est</strong></span> <span class='ocrx_word' id='word_1_325' title='bbox 332 4049 395 4112; x_wconf 88' lang='lat' dir='ltr'><strong>hoe</strong></span> <span class='ocrx_word' id='word_1_326' title='bbox 416 4051 485 4113; x_wconf 93' lang='lat' dir='ltr'><strong>loeo</strong></span> <span class='ocrx_word' id='word_1_327' title='bbox 506 4073 538 4113; x_wconf 89' lang='lat' dir='ltr'><strong>se</strong></span> <span class='ocrx_word' id='word_1_328' title='bbox 563 4050 707 4134; x_wconf 85' lang='lat' dir='ltr'><strong>probare,</strong></span> <span class='ocrx_word' id='word_1_329' title='bbox 730 4053 788 4114; x_wconf 89' lang='lat' dir='ltr'><strong>nisi</strong></span> <span class='ocrx_word' id='word_1_330' title='bbox 817 4061 959 4111; x_wconf 83' lang='lat' dir='ltr'><strong>evacuata</strong></span> <span class='ocrx_word' id='word_1_331' title='bbox 980 4022 1167 4133; x_wconf 44' lang='lat' dir='ltr'><strong>peccatosIu</strong></span> 
     </span>
    </p>
   </div>
   <div class='ocr_carea' id='block_1_8' title="bbox 59 4135 1264 4221">
    <p class='ocr_par' dir='ltr' id='par_1_11' title="bbox 59 4135 1264 4221">
     <span class='ocr_line' id='line_1_39' title="bbox 59 4135 1264 4221; baseline -0.002 -28"><span class='ocrx_word' id='word_1_332' title='bbox 59 4146 129 4186; x_wconf 71' lang='lat' dir='ltr'><strong>rum</strong></span> <span class='ocrx_word' id='word_1_333' title='bbox 148 4135 296 4214; x_wconf 85' lang='lat' dir='ltr'><strong>nequitia,</strong></span> <span class='ocrx_word' id='word_1_334' title='bbox 313 4136 531 4221; x_wconf 67' lang='lat' dir='ltr'><strong>reprobatum</strong></span> <span class='ocrx_word' id='word_1_335' title='bbox 556 4136 596 4197; x_wconf 90' lang='lat' dir='ltr'><strong>ad</strong></span> <span class='ocrx_word' id='word_1_336' title='bbox 605 4137 799 4199; x_wconf 89' lang='lat' dir='ltr'><strong>Dominieam</strong></span> <span class='ocrx_word' id='word_1_337' title='bbox 813 4152 943 4196; x_wconf 85' lang='lat' dir='ltr'><strong>mensam</strong></span> <span class='ocrx_word' id='word_1_338' title='bbox 965 4147 996 4195; x_wconf 89' lang='lat' dir='ltr'><strong>et</strong></span> <span class='ocrx_word' id='word_1_339' title='bbox 1005 4156 1126 4218; x_wconf 49' lang='lat' dir='ltr'><strong>gpurum</strong></span> <span class='ocrx_word' id='word_1_340' title='bbox 1230 4180 1233 4185; x_wconf 94' lang='lat'><strong>.</strong></span> <span class='ocrx_word' id='word_1_341' title='bbox 1260 4184 1264 4191; x_wconf 94' lang='lat'><strong>.</strong></span> 
     </span>
    </p>
   </div>
   <div class='ocr_carea' id='block_1_9' title="bbox 55 4206 1301 4305">
    <p class='ocr_par' dir='ltr' id='par_1_12' title="bbox 55 4206 1301 4305">
     <span class='ocr_line' id='line_1_40' title="bbox 55 4206 1301 4305; baseline -0.002 -27"><span class='ocrx_word' id='word_1_342' title='bbox 55 4206 221 4279; x_wconf 69' lang='lat' dir='ltr'><strong>&#39;nisibeni</strong></span> <span class='ocrx_word' id='word_1_343' title='bbox 236 4216 460 4305; x_wconf 70' lang='lat' dir='ltr'><strong>·:De!·bepletis</strong></span> <span class='ocrx_word' id='word_1_344' title='bbox 484 4223 576 4285; x_wconf 82' lang='lat' dir='ltr'><strong>etiam</strong></span> <span class='ocrx_word' id='word_1_345' title='bbox 603 4219 745 4284; x_wconf 65' lang='lat' dir='ltr'><strong>subdita·</strong></span> <span class='ocrx_word' id='word_1_346' title='bbox 762 4222 834 4303; x_wconf 71' lang='lat' dir='ltr'><strong>&#39;Qui</strong></span> <span class='ocrx_word' id='word_1_347' title='bbox 845 4221 952 4282; x_wconf 76' lang='lat' dir='ltr'><strong>-enin‘</strong></span> <span class='ocrx_word' id='word_1_348' title='bbox 966 4219 1161 4281; x_wconf 74' lang='lat' dir='ltr'><strong>mandueata-</strong></span> <span class='ocrx_word' id='word_1_349' title='bbox 1172 4210 1301 4276; x_wconf 50' lang='lat' dir='ltr'><strong>etrum·</strong></span> 
     </span>
    </p>
   </div>
   <div class='ocr_carea' id='block_1_10' title="bbox 0 0 1400 4792">
    <p class='ocr_par' dir='ltr' id='par_1_13' title="bbox 0 0 1400 4792">
     <span class='ocr_line' id='line_1_41' title="bbox 0 0 1400 4792; baseline 0 0"><span class='ocrx_word' id='word_1_350' title='bbox 0 0 1400 4792; x_wconf 95' lang='lat' dir='ltr'><strong> </strong></span> 
     </span>
    </p>
   </div>
  </div>
 </body>
</html>
