2790 4792
304 222 881 371 ,suc'uaursrrem
965 238 968 245 ⁴
1056 226 1177 351 ‘l'ats

71 465 304 525 intercessiones
330 464 396 542 ejus
425 458 595 540 solveretur
617 479 636 533 a
655 461 770 540 poenis.
811 459 955 545 Dumque
978 460 1138 540 aliquanto
1149 496 1185 524 m.
1195 483 1315 542 servan.

72 548 214 630 tempore
236 547 317 631 apud
337 547 480 605 Comitem
497 552 670 618 teneretur,
707 543 967 621 animadvertunt,
991 548 1045 626 qui
1067 541 1253 604 euml⁰⁶¹²¹'·¹

72 631 251 714 diligentius
281 629 531 704 considerabant,
562 649 597 687 ex
617 625 706 707 vultu
733 640 763 686 et
783 627 906 703 habitu,
937 642 967 691 et
989 632 1138 688 sermoni-

69 712 132 774 bus
153 717 243 794 ejus,
265 717 334 796 quia
357 735 418 775 uon
442 726 507 773 erat
522 712 570 771 ¹de
590 731 726 793 paupere
744 710 853 794 vulgo,
877 727 913 774 ut
935 716 1060 789 dixerat,
1083 715 1137 773 sed

71 796 119 861 dc¹
137 798 300 858 nobilibus.
341 800 429 858 Tune
453 794 740 856 secrete'advocans
761 814 829 853 curn
854 797 981 872 Comes,
1002 800 1137 858 interro·
1184 850 1186 855 .
1242 846 1246 853 .

71 882 155 964 gavit
186 885 335 959 intentius,
346 875 443 941 'unde
472 879 867 960 esset‚p1·omittensnihil
891 883 916 940 ei
941 881 1012 940 mali
1036 883 1136 941 faetu-

70 986 138 1024 rum
160 987 217 1047 pro
244 989 289 1043 eo,
309 969 335 1028 si
357 966 538 1047 simpliciter
554 961 625 1039 sihi,
645 964 712 1042 quis
737 975 831 1037 esset,
856 965 1013 1044 proderet.
1042 967 1136 1040 Quod

71 1049 210 1110 dumille
230 1051 365 1126 faceret,
387 1050 560 1108 ministrum
584 1068 616 1104 se
639 1047 719 1128 regis
744 1047 838 1105 fuisse
858 1048 1061 1121 manifestans,
1085 1069 1136 1107 re-

65 1133 212 1213 spondit:
257 1136 298 1195 Et
328 1155 385 1216 ego
424 1152 480 1213 per
507 1130 625 1212 singula
658 1142 711 1188 tua
744 1151 888 1211 responsa
925 1153 1135 1214 cognoveram,

67 1217 153 1297 quod
185 1220 319 1279 rusticus
353 1237 416 1276 non
444 1235 517 1273 eras.
570 1215 611 1272 Et
634 1235 715 1272 nuuc
735 1214 842 1296 dignus
876 1237 906 1274 es
925 1228 1042 1288 morte,
1066 1218 1137 1293 quia

63 1321 165 1359 omnes
183 1301 294 1361 fratres
321 1311 352 1357 et
371 1300 492 1380 cognati
517 1299 574 1356 mei
596 1300 627 1363 in
652 1296 702 1356 illa
724 1309 794 1356 suut
811 1320 915 1380 pugna
949 1301 1135 1378 interempti,

61 1405 119 1443 nec
150 1396 250 1443 tamen
271 1383 433 1456 occidam,
461 1402 498 1440 ne
516 1379 734 1461 fidem,quam
755 1384 898 1462 promisi,
921 1383 1134 1462 praevariecm.

62 1468 105 1526 Ut
119 1490 192 1550 ergo
213 1465 391 1539 convaluit,
417 1464 554 1524 vendidit
571 1486 640 1524 eum
669 1465 822 1524 Lodoniae
850 1467 983 1525 Fresoni
1003 1465 1132 1540 cuidam,

61 1551 118 1610 sed
141 1572 198 1609 nec
222 1548 260 1608 ab
285 1549 356 1622 ilio,
386 1568 442 1609 uec
468 1570 536 1606 cum
562 1547 635 1607 illuc
654 1548 835 1624 duceretur,
861 1549 1011 1622 ullatenus
1029 1553 1133 1630 potuit
1272 1616 1277 1626 ,

63 1633 197 1714 alligari.
238 1629 356 1691 Verum
371 1652 438 1690 eum
464 1632 520 1692 alia
538 1643 627 1712 atque
648 1632 706 1693 alia
727 1632 919 1697 vinculorum
941 1620 1305 1718 gene1·abo-{¹,¹¹12¹{ss,d'2‡

63 1729 127 1776 stes
147 1718 353 1796 imponerent,
375 1737 503 1799 cumque
516 1708 655 1792 vidisset,
675 1718 728 1797 qui
756 1729 883 1793 emerat,
906 1739 974 1777 eum
998 1717 1125 1777 vinculis
1135 1715 1301 1806 ζᾞξξῗζζξ·

63 1818 130 1858 non
142 1801 282 1881 ¹potuisse
303 1798 454 1876 cohiberi,
478 1801 602 1860 donavit
618 1801 644 1859 ei
656 1799 831 1861 facultatem
861 1822 925 1861 sese
943 1802 1122 1878 redimendi,
1135 1780 1179 1857 tle.

61 1884 88 1942 si
106 1894 218 1964 posset.
261 1881 391 1942 Atertia
406 1896 503 1943 autem
521 1884 599 1944 hora
619 1884 740 1965 quando
753 1887 863 1945 Missae
881 1884 952 1945 fieri
970 1885 1121 1959 solebant,
1198 1914 1225 1921 ¹·

57 1960 370 2048 saepissime.'vincula
391 1967 594 2029 solvebantur.
637 1968 677 2025 At
699 1967 751 2027 ille
770 1970 843 2029 dato
855 1971 1073 2051 jurejurando,
1090 1984 1124 2031 ut

56 2051 195 2123 rediret,
218 2049 265 2109 vel
286 2053 442 2132 pecuniam
461 2052 503 2111 illi
522 2073 582 2134 pro
599 2072 631 2111 se
645 2054 796 2128 mitteret,
819 2057 900 2113 venit
913 2054 1067 2114 Canticam
1082 2055 1122 2115 ad

57 2155 162 2215 regem
184 2132 342 2208 Lodheri,
375 2137 506 2216 quierat
531 2136 621 2199 filius,
636 2138 754 2196 sororis
777 2136 957 2207 Edildridae
988 2140 1120 2220 reginae,

58 2220 113 2298 qui
137 2219 251 2298 etipse
274 2219 425 2299 quondam
448 2219 585 2300 ejusdem
609 2224 734 2302 reginae
756 2223 891 2280 minister
911 2221 1032 2294 fuerat,
1063 2243 1125 2300 pe-.

56 2303 168 2381 tiitque
190 2314 219 2360 et
240 2305 355 2384 accepit
376 2301 413 2362 ab
439 2324 473 2362 eo
489 2305 625 2372 pretium
650 2324 722 2362 suae
740 2304 972 2384 redemptionis,
1008 2324 1042 2362 ae
1064 2325 1120 2362 suo

45 2385 191 2445 'Domino
210 2405 268 2466 pro
293 2406 341 2460 se,
363 2399 397 2447 ut
418 2392 621 2467 promiserat,
642 2387 734 2444 misit.
789 2386 853 2458 Qui
872 2396 943 2464 post
965 2387 1042 2445 haec
1064 2405 1122 2465 pu·-

55 2471 146 2528 triam
163 2490 314 2546 reversus,
335 2482 428 2550 atque
452 2468 491 2528 ad
514 2488 606 2543 suum
626 2467 750 2527 fratrem
767 2468 961 2548 perveniens,
992 2467 1123 2550 replica-

56 2553 100 2612 vit
124 2575 158 2612 ει
190 2553 299 2612 urdine
322 2546 460 2625 cuncta,
493 2571 572 2631 quae
592 2548 650 2608 sibi
669 2550 813 2626 adversa,
835 2572 912 2630 quae
939 2553 971 2610 in
987 2553 1119 2612 adversis

54 2635 165 2696 solatia
180 2639 403 2718 provenissent,
426 2636 631 2716 cognovitque
649 2633 798 2693 referente
816 2655 873 2711 eo,
908 2634 967 2695 illis
993 2639 1118 2697 maxime

54 2720 245 2802 temporibus
272 2741 324 2778 sua
360 2719 452 2776 fuisse
474 2716 591 2777 vincula
609 2717 721 2793 soluta,
745 2719 855 2800 quibus
876 2740 934 2801 pro
952 2742 983 2780 se
1004 2723 1117 2781 Missa-

53 2824 125 2867 rum
147 2805 270 2862 fuerant
285 2801 436 2861 celebrata
458 2800 611 2862 solemnia
653 2796 763 2863 Sedet
786 2803 863 2881 alia,
886 2825 963 2884 quae
989 2797 1291 2887 pericli-{³22ffisslss·

51 2889 132 2948 tanti
163 2887 191 2944 ei
214 2884 370 2967 commoda
390 2888 586 2968 contigissent
605 2900 811 2970 etprospera,
844 2909 901 2969 per
921 2891 1113 2951 intercessio·
1151 2895 1260 2982 aptatam

50 2992 126 3032 nem
153 2967 336 3043 fraternam,
367 2980 395 3027 et
424 2969 607 3033 oblationem
638 2971 757 3033 hostiae.
787 2972 948 3048 salutaris,
987 2973 1112 3032 caelitus
1125 2951 1291 3048 illidii„

51 3053 117 3116 sibi
143 3051 236 3111 fuisse
256 3050 365 3110 donata
382 3054 532 3116 intellexit.
575 3054 729 3135 Multique
752 3055 827 3115 haec
849 3055 1022 3135 apraefato
1045 3046 1277 3144 vir·o},‘{{{f⁰¹‘¹¹¹'

52 3136 233 3209 audientes,
258 3137 376 3194 accensi
395 3139 506 3196 suntin
529 3137 591 3197 fide
609 3136 643 3197 ac
656 3137 818 3198 devotione
837 3139 957 3218 pietatis
969 3141 1007 3198 ad
1019 3159 1115 3198 oran-

52 3223 147 3296 dum,
178 3217 225 3277 vel
252 3217 453 3293 eleemosynas
480 3221 648 3297 iaciendas,
676 3221 722 3286 vel
744 3222 782 3281 ad
805 3221 973 3282 offerendas
990 3223 1115 3283 Domini
1162 3284 1165 3290 ,
1206 3276 1232 3285 μ
1267 3269 1270 3276 .

51 3307 190 3366 victimas
212 3298 315 3369 sacrae
348 3302 533 3379 oblationis,
564 3326 620 3386 pro
652 3307 806 3388 ereptione
824 3326 970 3381 suorum,
1000 3308 1051 3386 qui
1078 3305 1116 3383 de
1258 3296 1261 3303 ’

50 3387 175 3453 saeculo
203 3388 411 3469 migraverant.
466 3386 678 3449 Intellexerunt
695 3391 794 3466 euim,
827 3391 912 3470 quod
933 3389 1117 3449 sacrificium

51 3473 185 3535 salutare
203 3471 242 3529 ad
262 3472 502 3554 redemptionem
519 3470 632 3532 valeret
652 3485 682 3533 et
702 3476 816 3533 animae
834 3485 864 3532 et
885 3477 1024 3556 corporis
1036 3493 1115 3537 seur.

48 3559 209 3643 piternam.
252 3556 338 3614 Hunc
353 3553 428 3614 mibi
446 3552 606 3614 historiam
626 3557 715 3616 etiam
735 3557 786 3633 hi,
811 3559 864 3640 qui
879 3557 927 3618 ‘ab
948 3561 1017 3642 ipso
1038 3553 1275 3644 virmssfgffl:
1319 3561 1326 3590 ·’

49 3644 82 3702 iu
117 3662 180 3720 quo
205 3639 283 3698 facta
309 3651 369 3717 est,
402 3638 548 3713 audiere,
568 3654 743 3699 narrarunt:
764 3643 853 3701 Unde
871 3636 957 3718 eam,
980 3645 1034 3724 qui
1055 3641 1288 3702 ali—letadredem·

49 3724 174 3807 quando
206 3724 356 3804 comperi,
396 3720 606 3782 indubitanter
624 3721 769 3785 historiae
785 3738 906 3786 nostrae
930 3726 1111 3787 ecclesiasti·
1123 3702 1290 3800 llllli'c‘lll'dss

47 3830 100 3875 cae
120 3806 311 3867 inserendam
332 3806 457 3866 credidi.
799 3873 800 3877 Ἰ
1121 3801 1289 3889 ppmsvmpner-

133 3904 164 3958 7.
208 3890 397 3950 CLEMENS
429 3890 465 3949 Ρ.
488 3902 518 3949 et
549 3888 592 3949 M.
615 3889 701 3972 epist.
723 3901 753 3955 3.
775 3888 914 3949 deoffrc.
935 3890 1058 3952 Sacerd.
1080 3904 1111 3952 et
1174 3874 1181 3891 ⁹

50 3974 183 4036 Clerie.:
203 3975 260 4033 Hic
282 3995 377 4057 ergo,
399 3973 460 4035 hoe
480 3985 541 4048 est,
564 3973 596 4032 in
618 3974 771 4055 praesenti
792 3974 990 4056 vitupositos,
1013 3997 1109 4061 opor·
1167 3981 1171 3990 “

50 4068 94 4117 tet
119 4080 175 4119 nos
195 4079 360 4140 agnoscere
386 4057 573 4117 voluntatem
592 4057 669 4132 Dei,
700 4055 754 4114 ubi
777 4069 807 4117 et
825 4056 935 4204 ‘aspendi
952 4071 982 4119 et
996 4057 1112 4118 sacrifi-
1166 4078 1168 4082 ’

53 4141 139 4204 caudi
164 4154 210 4206 est
225 4141 328 4211 locus:¹
359 4143 504 4225 quoniam
534 4143 565 4202 in
585 4139 652 4202 aliis
670 4138 746 4201 locis
763 4143 840 4203 sacri
866 4163 935 4206 care
956 4156 987 4204 et
1006 4128 1291 4220 Missasffifff‘gssssf
