2790 4792
255 322 336 404 m
496 322 1080 393 onsacaauEtteo

339 523 369 583 5.
412 508 521 573 IDEM
551 507 739 596 Augustinus
775 511 807 570 lu
837 508 1022 572 Euchiridio
1051 507 1092 569 ad
1122 507 1331 591 Laurentium,

256 616 323 679 cap.
345 610 416 664 es:
458 598 519 657 Sed
539 616 639 680 neque
670 595 708 656 de
743 596 817 655 isis
841 599 1025 655 criminibus·
1050 594 1228 674 quamlibet
1255 619 1331 682 mag·

255 685 302 741 nis
322 681 511 742 remittendis
532 682 563 740 in
584 676 687 740 saneta
703 616 843 754 eeclesia,
864 681 923 738 Dei
941 678 1133 761 desperanda
1148 692 1198 739 est
1217 684 1331 743 miseri-

257 767 360 825 cordia
382 766 539 848 agentibus
564 767 781 848 poeniteutiam
810 765 976 824 secundum
1001 763 1128 823 modum
1157 766 1208 823 sui
1230 769 1330 848 cujus-

257 871 318 931 que
339 852 465 932 peeeati.
508 851 543 909 ln
565 851 685 909 actione
703 865 803 908 autem
825 851 1037 930 poenitentiae,
1059 847 1114 906 ubi
1136 848 1200 908 tale
1221 854 1330 912 crimen

80 926 143 970 ²⁸⁸¹·
157 931 231 972 Μ·
257 937 447 995 commissum
469 946 522 1010 est,
545 945 579 992 ut
594 936 629 1009 is,
650 933 706 1013 qui
734 935 892 1009 commisit,
913 932 1061 992 aChristi
1083 933 1176 993 etiam
1200 954 1330 1018 corpore

256 1030 421 1102 separetur,
446 1031 581 1078 nontam
600 1016 819 1077 consideranda
839 1029 884 1076 est
906 1020 1219 1099 mensuratemporis‚
1247 1040 1332 1102 quam

257 1104 382 1165 doloris.
427 1103 490 1162 Cor
514 1105 592 1162 enim
609 1103 775 1160 contritum
796 1114 826 1160 et
847 1100 1037 1160 humiliatum
1048 1102 1133 1160 Deus
1157 1123 1224 1162 non
1247 1125 1332 1187 sper-

255 1191 309 1249 nit.
352 1188 564 1267 Verum-quia
582 1187 765 1269 plerumque
797 1185 889 1245 dolor
917 1186 1041 1245 alterius
1066 1186 1170 1246 cordis
1193 1189 1331 1261 occultus

36 1315 38 1320 ·
76 1269 142 1313 ³¹⁸¹·
162 1276 194 1316 δ”
212 1275 245 1312 1⁰·
257 1285 302 1333 est
322 1272 430 1346 alteri,
460 1293 559 1352 neque
589 1273 619 1330 iu
642 1269 772 1330 aliorum
799 1271 939 1329 notitiam
959 1290 1015 1352 per
1037 1269 1132 1330 verba
1164 1272 1216 1332 vel
1241 1294 1332 1354 quae·

75 1319 246 1428 {bibiani-‘⁶
257 1378 379 1438 cunque
400 1355 458 1416 alia
479 1358 562 1440 signa
581 1354 739 1438 procedit,
769 1373 838 1412 eum
860 1355 899 1423 sit
919 1375 1020 1415 coram
1034 1353 1101 1432 illo,
1125 1357 1178 1416 eui
1203 1357 1330 1419 diciture

75 1430 233 1506 iiiiaii‘ii]
257 1444 394 1503 Gemitus
415 1461 498 1501 meus
520 1462 537 1501 a
561 1453 592 1500 te
615 1460 677 1499 non
699 1449 744 1498 est
764 1438 978 1499 absconditus:
998 1451 1081 1498 recte
1097 1443 1329 1504 constituuntur

77 1517 198 1558 ''nm“
256 1527 296 1588 ab
317 1528 365 1604 iis,
387 1528 442 1606 qui
463 1525 617 1585 Ecclesiae
636 1535 798 1608 praesunt,
819 1535 957 1604 tempora
983 1525 1204 1605 poenitentiae,
1220 1538 1258 1588 ut
1279 1526 1328 1589 fiat

255 1614 345 1671 etiam
367 1613 438 1670 satis
458 1610 622 1684 Ecclesiae,
643 1611 675 1667 in
701 1629 760 1690 qua
778 1609 974 1668 remittuutru·
996 1609 1061 1688 ipsa
1084 1623 1237 1690 peccata:
1268 1613 1327 1673 Ex·

253 1708 301 1757 tra
325 1715 395 1759 eam,
411 1696 527 1776 quippe
549 1715 611 1754 non
634 1695 840 1759 remittuntur.
884 1691 954 1774 Ipsa
966 1712 1097 1772 namque
1109 1698 1246 1778 proprie
1264 1699 1327 1779 spi-a¹

252 1783 345 1840 ritum
374 1791 511 1837 sanetum
541 1779 651 1860 pignus
686 1779 823 1858 accepit,
853 1778 918 1837 sine
946 1796 1007 1858 quo
1042 1796 1107 1835 non
1128 1783 1326 1845 remittuntur

250 1863 316 1921 ulla
335 1872 470 1944 peccata,
493 1863 537 1920 ita
560 1873 605 1935 ut,
632 1859 744 1940 quibus
757 1861 963 1936 dimittuntur,
984 1868 1326 1942 consequanturritana

250 1956 411 2011 aeternam,
874 2006 878 2015 ,
927 2008 929 2013 ,
1010 2008 1013 2013 ,
1197 2004 1201 2013 .

337 2040 366 2094 4.
388 2023 621 2085 AMBROSIUS
642 2025 672 2083 iu
686 2024 835 2108 psalmum
854 2028 1040 2110 trigesimum
1055 2035 1228 2114 septimum:
1251 2030 1315 2107 Qui

250 2111 468 2198 poenitentiam
489 2111 560 2194 agit,
582 2108 692 2169 offerre
710 2131 742 2169 se
764 2110 857 2171 debet
878 2112 917 2172 ad
938 2134 1077 2195 poenam,
1099 2115 1201 2177 utlaio
1220 2116 1312 2195 puni-

250 2208 320 2267 atur
342 2217 359 2259 a
380 2196 523 2273 Domino,
545 2213 606 2254 nou
625 2194 664 2269 ad
678 2192 830 2283 'supplicia
848 2198 967 2256 aeterua
990 2209 1143 2272 servetur.
1178 2197 1308 2279 ibidem:

92 2276 95 2281 ⁴
194 2304 196 2309 ·
229 2278 623 2365 ‘Plurimum'suffragatur
652 2301 706 2340 reo
725 2280 896 2340 verecundi
922 2283 1095 2359 confessio,
1125 2296 1158 2346 et
1178 2278 1314 2370 poenam,

250 2390 342 2463 quarn
375 2367 551 2426 defensione
580 2366 697 2442 evitare,
725 2386 787 2426 nou
817 2367 996 2449 possumus,
1025 2364 1149 2448 pu'dore
1180 2366 1320 2430 subleva·-

248 2452 342 2514 mus'
368 2451 413 2513 Et'
429 2451 487 2510 sub
510 2448 620 2514 finemz
661 2450 704 2511 Ut
728 2451 827 2512 febres
849 2449 963 2510 inulto
998 2452 1073 2512 sitae
1104 2474 1171 2513 uon
1205 2465 1321 2537 queunt

248 2537 398 2619 mitigari;
421 2556 490 2595 cum
509 2535 590 2595 foras
615 2539 786 2619 eruperint,
807 2537 890 2618 spem
910 2535 1055 2596 adierunt
1077 2537 1320 2601 desinendiz-itu

273 2633 445 2679 eccatorurn
466 2619 591 2678 morbus
610 2618 684 2679 dum
705 2623 829 2705 tegitur,
852 2620 1053 2680 inardescite·
1070 2624 1096 2682 si
1116 2624 1322 2686 consessioni-

247 2642 482 2785 bus'pmdituq
506 2714 661 2787 evaporat-¹
718 2732 721 2737 ·

333 2812 363 2875 5.
399 2802 513 2881 ¹IDEM
533 2807 573 2868 ad
592 2809 741 2897 virginem
762 2807 898 2895 lapsam,
911 2794 1008 2899 eapite
1021 2823 1050 2880 8.
1065 2823 1102 2873 ut
1116 2832 1216 2900 supra
1234 2814 1270 2879 B.
1289 2828 1318 2884 ὅ.

248 2905 280 2956 et
294 2890 376 2977 infra
395 2894 516 2977 quaest.
538 2896 662 2987 octavi,
675 2893 717 2962 D.
740 2906 772 2962 5.

603 3191 607 3198 -
742 3138 790 3216 V.

381 3418 383 3423 .
469 3338 607 3438 Estne¹
629 3316 827 3415 confessio
856 3316 1109 3418 necessaria?
1198 3417 1202 3423 .

431 3638 433 3645 .
523 3573 569 3643 A.
618 3568 870 3669 Estutique:
915 3569 1150 3667 nouaclum
1178 3586 1311 3652 autern,

132 3774 137 3787 „
282 3718 294 3741 -’
326 3716 342 3789 J
421 3708 463 3765 ut
488 3692 638 3792 quidam
662 3695 759 3767 falso
797 3711 1005 3777 autumant,
1041 3694 1200 3796 interior
1233 3694 1310 3776 illa,

71 3831 399 3888 ochra-homatissut·
423 3841 518 3914 quae
551 3843 675 3891 coram
702 3821 784 3897 Deo
813 3823 826 3866 ¹
854 3814 1021 3918 quotidie
1055 3816 1232 3891 facienda
1256 3833 1314 3890 est

66 3963 249 4016 ormam.
310 3986 312 3991 ν
419 3943 577 4016 Daridis·
600 3945 779 4045 exemplo,
807 3943 873 4042 qui
899 3943 1017 4014 ait=2
1049 3944 1165 4033 Dixi,
1194 3937 1310 4040 confi·

324 4154 328 4163 Ι
351 4154 354 4162 ¹
419 4067 521 4137 tabor
539 4063 739 4165 adversum
759 4091 818 4138 me
837 4061 1066 4175 injustitiam
1084 4060 1313 4156 meomDo·

291 4280 312 4313 ο
417 4188 541 4261 mino:
589 4169 731 4271 Verum
754 4190 864 4266 etiam
887 4187 981 4266 haee
1007 4188 1179 4284 exterior,
1208 4212 1309 4290 quaa
