2790 4792
309 314 889 417 roeurrrnrrru·
1054 349 1139 443 saa.

62 537 185 603 tibimet
206 534 267 619 ipsl
284 534 439 611 terribile,
465 531 610 593 leviorem
631 548 783 612 praepara
795 524 1028 598 contessionem
1043 531 1131 616 cogi-

63 634 184 681 tatuum
204 631 392 698 tuorum-ut
411 622 473 679 non
497 616 657 677 in-futuro
688 614 752 681 die<
765 617 902 698 ignavior
932 619 972 677 sis
997 618 1132 701 adper-

66 706 231 766 scrutande
250 712 395 787 peccata·
467 740 469 747 ·
697 778 700 783 Ι
766 741 773 746 -
961 724 974 749 ‘—
1096 746 1099 753 ·

151 804 181 856 2.
223 790 328 849 IDEM
345 791 381 848 irt-
389 786 473 848 libro
493 787 594 870 primo
612 778 651 843 dc
675 783 910 866 compunctione
930 781 1132 860 cordis,:suh

66 872 175 932 finem:
218 875 310 950 Quid,
330 873 381 933 dic
400 871 489 946 mibi,
510 868 651 950 corporis
670 868 789 953 viribus„
807 888 885 950 opus
910 879 964 942 est,
978 889 1056 927 cum
1078 887 1134 927 cor

67 969 222 1016 conterere
238 957 420 1017 debeamus?
463 957 530 1014 Hoc
549 953 647 1019 solum
667 965 722 1028 est,
744 953 832 1032 quod
847 954 1021 1033 exposcitur
1039 973 1056 1013 a
1074 973 1135 1010 no-

64 1038 123 1114 bis,
146 1054 181 1101 ut
200 1046 318 1124 semper
340 1039 540 1101 recordemur
569 1047 600 1096 et
632 1035 672 1096 ad
693 1039 826 1095 animum
853 1036 1030 1103 revocemus
1056 1035 1138 1095 mala

61 1138 176 1201 nostra,
198 1138 229 1187 et
250 1126 472 1187 conscientiam»
490 1133 646 1204 gestorum
670 1133 852 1181 nostrorum
879 1120 1042 1179 babeamus
1063 1132 1133 1178 ante
1155 1127 1307 1185 (lebannes

62 1209 178 1285 oculos,
200 1221 235 1269 ut
253 1209 386 1292 probis
405 1207 610 1288 supplicemus
625 1207 707 1281 *Deo,
730 1217 766 1265 ut
797 1204 963 1288 gebennam
983 1179 1226 1286 ponamusiiidai
1244 1191 1284 1233 μ’

66 1294 96 1352 in
109 1295 328 1375 conspectibus
348 1293 473 1365 nostris,
495 1302 525 1350 et
546 1284 753 1372 angelos,¹qiri'
772 1291 804 1348 in
819 1282 868 1348 die
885 1288 995 1369 judicii
1015 1287 1134 1368 ubique
1173 1325 1175 1332 =

64 1377 253 1453 discurrunt,
277 1389 308 1436 et
329 1387 520 1456 congregant
537 1375 575 1434 de
603 1376 686 1434 omui
704 1372 792 1434 'orbe
817 1386 971 1433 terrarum
986 1392 1048 1448 cos,
1078 1373 1135 1452 qui

59 1462 203 1520 trudendi
232 1472 304 1519 sunt
325 1462 357 1518 in
375 1457 557 1540 ‘gehennam
579 1479 616 1518 ac
646 1458 806 1539 suppliciis
835 1455 986 1517 tradendi.
1016 1455 1136 1515 ·Ponu-

57 1566 124 1605 mus
146 1547 239 1604 etiam
267 1556 300 1603 et
318 1540 486 1602 illudente
514 1541 641 1616 oculos,
659 1536 769 1621 oranti
791 1541 910 1602 doloris
935 1552 988 1616 est,
1012 1538 1308 1606 excludis'regeoeeo.

59 1650 97 1688 ac
118 1628 236 1710 projici
264 1647 281 1686 a
304 1645 397 1707 reguo
420 1625 585 1702 caelorum,
608 1625 694 1706 quod
717 1639 751 1687 ut
770 1624 845 1684 mihi
858 1625 990 1700 ridetur,
1010 1626 1132 1707 gravius
1142 1604 1310 1703 ifliffin⁸ss¹³¹⁸

58 1723 118 1773 est·
131 1713 196 1791 ipsa
219 1707 376 1791 gebenna·
406 1709 483 1769 Nam
505 1720 535 1768 et
562 1711 588 1769 si
610 1709 692 1792 ignis
707 1702 758 1770 ille
779 1730 842 1770 uon
864 1710 999 1786 arderet,
1022 1721 1053 1769 et
1076 1702 1305 1777 im-¹¹¹⁶‘“,⁰‘¹¹“²·z

60 1793 204 1855 mortalis
225 1792 278 1852 illa
291 1814 390 1875 poena
410 1814 472 1854 uon
489 1796 567 1854 esset
586 1800 703 1875 parate,
724 1794 784 1853 boc
804 1793 913 1867 solum,
933 1793 1019 1874 quod
1040 1787 1134 1854 alieni

62 1877 214 1938 efficimur
231 1896 249 1935 a
267 1877 413 1954 Christo,
431 1877 667 1943 etercludimur
688 1874 821 1939 abonis
848 1878 998 1955 aeternis,
1027 1898 1132 1938 nonne
1194 1930 1197 1937 .
1279 1930 1283 1941 .
1310 1928 1314 1937 .

62 1963 149 2021 omni
172 1980 273 2043 poena
294 1962 491 2022 c'ruciabilius
513 1961 705 2023 dicereturl‘·
727 1960 822 2038 Quod
846 1964 872 2021 si
892 1960 960 2022 non*
976 1961 1132 2023 sufficiunt

58 2043 136 2106 baec
157 2044 197 2103 ad
217 2042 383 2127 erigendas.
399 2049 520 2121 animas,
543 2057 573 2105 et
594 2044 824 2107 incitandas-ad
846 2066 948 2133 spemr
971 2046 1049 2106 illud
1070 2046 1132 2106 sal·-

58 2142 121 2190 tem
143 2129 182 2189 ad
202 2131 570 2192 memoriam-revocemus
591 2131 770 2214 exemplum,
792 2131 879 2212 quod
901 2132 939 2191 de
959 2130 1131 2215 virginibus

59 2214 203 2288 refertur,
225 2222 309 2293 quae'
325 2214 460 2275 exclusae
481 2236 500 2275 a
525 2214 784 2298 tbalamo²sponsi
813 2225 886 2274 sunt
917 2227 1048 2296 propter
1070 2215 1132 2273 olei

33 2361 39 2367 ,
66 2296 224 2360 defectum.
265 2296 419 2359 Ponamus
438 2301 653 2381 nosmetipsos
674 2297 801 2371 inillis,
825 2297 1131 2378 quacexcluduntur,

64 2391 96 2439 ct
114 2381 273 2459 rideamus,
296 2383 472 2464 qui-dolor,
496 2394 527 2442 et
546 2402 624 2462 quae
648 2382 811 2462 poenatsit,
833 2382 860 2438 si
883 2381 1058 2463 cogitemus,
1078 2399 1132 2454 eaf-
1147 2410 1174 2462 j
1212 2456 1215 2460 ¹
1252 2451 1261 2461 Δ,

60 2462 128 2525 dem
147 2485 237 2549 posse
259 2476 289 2526 et
307 2487 364 2526 nos
383 2468 458 2550 pati,
470 2467 506 2524 si
527 2463 716 2546 negligimus.
787 2496 790 2501 ·
816 2474 819 2479 '
1085 2524 1086 2529 ,
1272 2460 1275 2465 ’

66 2580 71 2587 -
104 2574 108 2583 ·
142 2562 172 2618 5.
215 2550 270 2609 ΕΤ
291 2549 374 2611 lib'ro
396 2548 533 2609 secundo
552 2551 634 2606 circa
653 2542 764 2607 finem:
806 2545 936 2606 Tantum
955 2546 1131 2616 bonicum
1152 2546 1311 2611 resonarunt*

58 2632 130 2710 fert,-
152 2637 320 2693 meminisse
342 2634 534 2715 frequentius
553 2629 854 2712 bominem-peccati
884 2633 1008 2707 sui,1ut
1040 2619 1306 2719 etinm‘fffflf‘fiffiffi
1385 2645 1387 2649 '

55 2716 189 2779 Paulum
216 2715 581 2798 Apostolumnideemus
607 2734 769 2796 capenae
795 2714 909 2775 abolita
927 2718 991 2797 jam
1008 2717 1236 2807 fuerantrprit·

55 2813 89 2861 et
110 2801 217 2875 deleta,
240 2800 394 2858 adducere
421 2809 520 2858 tamen
553 2801 584 2858 in
605 2796 817 2863 audiuerant
840 2822 910 2863 cum
940 2801 1061 2884 culpam
1091 2775 1164 2865 dev
1190 2773 1303 2816 mm

54 2881 271 2970 praesentibus
289 2901 353 2941 non
370 2881 504 2960 baberet,
523 2895 633 2963 tamen,
647 2884 789 2968 quoniam
808 2885 1036 2947 recordationes
1056 2909 1132 2970 pec·-

56 2980 220 3038 catorum,
252 2977 283 3025 et
312 2964 427 3026 luctum
455 2968 658 3053 gemitumque
693 2970 807 3033 sciebat
836 2972 953 3030 animae
972 2972 1130 3052 prodesse,
1174 2974 1176 2978 ’
1207 2980 1212 3005 ’·
1240 2984 1244 2991 “
1292 2974 1295 2979 ’

56 3053 152 3112 etiam
183 3048 236 3109 illa
270 3062 501 3127 commemorat,
555 3073 612 3133 uae
643 3075 699 3138 per
726 3056 928 3136 ignorantiam
962 3054 1150 3133 commissa,

28 3136 31 3140 ’
95 3136 154 3192 etia
165 3131 308 3216 baptismi
321 3145 353 3193 et
365 3135 518 3196 confessio
535 3074 609 3201 idei
635 3138 820 3199 aboleverat.
861 3138 904 3197 Et
921 3149 994 3219 post
1015 3159 1129 3220 paucae

55 3156 195 3301 {portet
213 3239 285 3302 ergo
307 3220 473 3295 recordari·
486 3240 540 3281 nos
553 3225 659 3305 priore
668 3222 794 3297 delicta,
815 3222 905 3281 etiem
920 3242 964 3295 ea,
978 3243 1044 3305 'pro
1057 3225 1131 3304 qui-

58 3302 121 3363 bus
142 3304 258 3362 veniam
279 3305 437 3363 consecuti
462 3325 582 3384 sumus,
605 3318 642 3367 ut
662 3309 824 3382 intuentes,
858 3327 949 3391 quam
976 3307 1130 3388 ingentem

57 3385 186 3448 modum
210 3386 307 3447 debiti
331 3390 460 3455 remisit·
476 3386 570 3452 'nobie
595 3390 691 3469 Deus,
712 3388 894 3471 etamplius
917 3410 985 3450 eum
1002 3390 1129 3472 diligere

79 3470 220 3548 ursimus,
243 3483 275 3532 ct
293 3471 505 3531 verecundiam
532 3475 743 3557 pudoremque
769 3476 1067 3556 concipere,.atque
1092 3494 1129 3535 ex

55 3492 107 3616 iis
141 3556 238 3616 corde
266 3561 428 3641 compungi
436 3561 449 3616 ι’
477 3560 735 3635 considerantes,
756 3558 857 3640 quod,
885 3561 944 3618 nisi
973 3560 1126 3620 miseratio

58 3640 154 3700 isius
180 3639 385 3718 subvenisset,
418 3652 537 3702 tantum
567 3640 646 3703 illud
678 3654 875 3726 peecatorum
906 3642 1029 3725 pondus
1043 3690 1047 3701 .
1061 3645 1127 3705 sine
1189 3674 1193 3683 ·

78 3724 154 3784 ubio
183 3726 216 3784 in
245 3726 311 3784 imis
334 3745 391 3785 nos
424 3727 534 3785 inferni
563 3730 674 3810 poenis
707 3727 928 3810 suppliciisque
956 3728 1125 3809 pressisset.

55 3805 170 3868 Paulus
192 3811 282 3870 etiam
317 3809 586 3886 illa'meminerat,
617 3832 694 3893 quiae
727 3824 895 3894 peremerat
921 3811 1124 3895 indulgentia:

57 3910 114 3951 uos
143 3913 216 3954 vero
237 3914 293 3953 nec
309 3896 367 3954 ista
389 3895 610 3970 recordamur,
628 3915 707 3976 quae
726 3907 799 3977 post
827 3894 1014 3976 baptismum·
1038 3917 1125 3957 com-

57 3976 200 4053 misimus,
223 3979 255 4037 iu
279 3977 390 4060 quibus
413 3981 521 4059 utique
547 3978 718 4062 pericnlum
740 3977 830 4038 nobis
862 3978 1061 4056 salrumest,
1089 3965 1296 4069 etqff?'¹,¹{2,}‘,’22

56 4076 126 4118 reos
147 4082 204 4121 nos
230 4073 322 4144 atque
334 4064 366 4122 in
383 4062 515 4122 vinculis
535 4065 653 4146 positos
672 4073 762 4122 tenet.
806 4061 900 4138 Quod
912 4063 937 4122 si
953 4064 1117 4145 aliquando
1131 4077 1179 4105 '¹¹¹⁰
1194 4065 1293 4106 Min·

1128 4117 1175 4154 tem
1193 4121 1215 4153 et
1230 4114 1293 4156 duint

51 4141 94 4200 ad
117 4146 361 4211 recordationem
379 4148 558 4224 venerimus,
577 4159 607 4207 et
626 4147 845 4207 -visifuerimus
864 4146 1024 4230 paululum
1046 4151 1269 4254 iudepgluenntiuge

47 4229 186 4313 cogitare
213 4241 245 4294 et
266 4250 331 4294 esse
352 4231 477 4314 soliciti,
505 4233 608 4296 statim
625 4230 733 4318 'effugit
751 4233 914 4319 cogiuuo,
933 4244 983 4321 et·
997 4222 1232 4315 'uma-sama
