2790 4792
108 414 168 433 ».
240 373 297 447 44
483 367 1065 437 DESAGRAMENTO

242 555 382 633 debitur,
401 557 524 617 merito
545 555 700 618 ecclesiam
724 575 919 638 praesumere
952 576 1014 617 non
1036 557 1140 619 solum
1169 560 1309 641 parvulis

240 639 402 724 baptizatis
438 643 469 700 in
495 645 550 700 sira
579 639 641 701 fide
664 640 808 716 salutem,
839 641 894 700 sed
925 643 1016 702 etiam
1047 642 1216 703 interfectis
1252 666 1309 728 piu

239 723 416 786 cumsto
439 724 605 787 infantibus
619 745 772 785 coronam
787 727 935 800 martyrii,
979 727 1066 802 Quae
1087 748 1157 786 cum
1174 729 1219 788 ita
1240 732 1309 806 siut,

239 809 358 869 nullum
375 809 599 892 praejudicium
616 808 809 869 sustinebunt
825 813 991 891 regenerati
1014 811 1051 869 de
1071 831 1116 886 eo,
1138 811 1224 892 quod
1244 812 1310 872 dic·

66 915 126 960 uon.
142 916 219 961 the.
240 905 307 953 tum
332 903 392 952 est:
426 893 496 953 Sine
526 891 589 953 lide
609 892 797 976 impossibile
817 906 863 952 est
882 893 1003 976 placere
1030 895 1117 954 Deos
1147 916 1219 954 cum
1248 902 1310 956 sine

224 975 303 1038 ‘fide
328 997 391 1036 non
409 980 470 1037 sint
482 1021 492 1054 ,
526 979 580 1058 qui
614 980 646 1038 in
679 979 883 1036 testimoninm
913 975 986 1038 fidei
1010 977 1155 1059 baptismi
1183 983 1309 1063 gratiam

239 1075 453 1144 perceperunt.
496 1060 557 1121 Sed
573 1082 672 1144 neque
693 1062 730 1120 de
753 1082 800 1136 co,
823 1061 908 1141 quod
930 1064 1001 1121 item
1022 1061 1138 1121 dictum
1159 1077 1224 1123 est:
1248 1066 1308 1142 Qui

61 1180 163 1236 »ΡΜ
176 1167 314 1238 bal,Jero
347 1166 409 1204 non
439 1145 622 1221 crediderit,
650 1145 911 1205 condemnabitur.
967 1146 1051 1222 Quid
1078 1149 1158 1204 enim
1185 1150 1331 1209 credere¹

69 1241 137 1283 sirati
150 1248 199 1294 που,
243 1241 297 1305 est,
319 1231 376 1289 nisi
403 1228 496 1291 fidem
513 1228 649 1290 habere?
670 1232 779 1310 Itaque
803 1232 837 1290 el
858 1229 967 1290 mulier
988 1229 1156 1290 salvabitur
1174 1253 1235 1312 per
1259 1255 1308 1317 ge-

70 1295 428 1382 :lflfllfwnerauonem
446 1310 595 1390 filiorum,
626 1316 651 1373 si
671 1314 869 1397 permanserit
887 1315 918 1372 in
942 1312 1004 1373 lide
1028 1335 1096 1372 cum
1117 1315 1261 1393 lenitate,
1281 1330 1308 1376 et

69 1392 143 1432 Μ’
152 1394 186 1432 ‘⁶’
198 1389 232 1426 ¹⁶·
241 1397 412 1469 infantibus
429 1420 484 1483 per
507 1397 618 1457 lavacri
641 1400 900 1482 regenerationem
917 1411 1130 1475 succurretur,
1155 1412 1186 1460 et
1205 1401 1308 1477 adulti,

108 1543 120 1556 ,,
243 1484 297 1564 qui
323 1488 479 1543 continere
502 1503 565 1544 non
589 1493 756 1566 poterunt,
800 1484 939 1565 conjugii
962 1485 1130 1542 tricessimo
1151 1484 1260 1544 fructu
1279 1506 1309 1546 se

70 1543 400 1639 lllfjl'llredimene
443 1566 581 1627 Christus
598 1578 730 1650 propter
752 1564 812 1626 hoc
832 1578 971 1626 mortuus
994 1578 1059 1641 est,
1080 1578 1110 1625 et
1129 1572 1307 1647 resurrexit,

242 1662 279 1709 ut
297 1653 433 1710 vivorum
457 1651 666 1710 dominaretur
691 1663 722 1710 et
743 1661 947 1713 mortuorum.
990 1650 1121 1732 Propter
1142 1650 1205 1711 hoc
1228 1674 1308 1734 quo·

243 1754 302 1814 que
325 1748 354 1794 et
375 1735 471 1793 infans
494 1746 584 1794 nanis
603 1745 657 1808 est,
679 1748 709 1794 et
728 1756 785 1815 per
797 1733 932 1816 singulos
953 1746 1085 1795 aetatum
1098 1735 1213 1818 gradus
1232 1759 1290 1821 pro

225 1818 318 1876 'fecit
337 1819 370 1876 in
391 1820 498 1892 virum,
519 1830 556 1876 nt
576 1816 653 1875 nulli
677 1817 793 1876 deesset
813 1818 915 1876 aetati.

220 1944 225 1955 ,
329 1913 376 1968 18.
417 1901 519 1959 ITEM
540 1903 572 1963 in
589 1901 674 1982 epist·
692 1913 763 1967 240·
786 1900 824 1960 ad
839 1899 1011 1966 Hildefons.
1031 1903 1143 1977 comit,
1166 1903 1207 1964 de
1227 1905 1307 1969 Hen-

122 2040 125 2047 .
242 1987 309 2045 rico
331 1985 485 2044 haeretico
506 1983 658 2043 scribens:
679 1983 818 2043 Parvulis
844 1983 1097 2060 Christianorum,
1120 1986 1232 2047 Christi
1253 1990 1302 2046 irr-

68 2070 231 2126 11⁸t²¹²¹9»¹⁴·
243 2069 428 2130 tercluditur
446 2069 517 2143 vita,
538 2067 612 2127 dum
634 2067 779 2149 baptismi
792 2079 919 2150 negatur
932 2070 1043 2150 gratia:
1065 2090 1120 2128 nec
1137 2072 1228 2132 saluti
1243 2091 1298 2152 pro

242 2156 393 2238 pinquare
405 2153 554 2227 sinuntm,
565 2150 714 2212 salvatore
738 2151 808 2211 licet
822 2154 871 2234 pie
891 2151 1036 2212 clamante
1048 2174 1106 2235 pro
1122 2158 1180 2223 eis;
1203 2157 1300 2231 Sinite,

243 2240 353 2321 inquit,
379 2235 522 2319 parvulos
545 2238 646 2296 venire
669 2235 708 2295 ad
728 2257 783 2294 me.
825 2236 946 2318 Ergone
967 2239 1021 2318 qui
1044 2237 1184 2298 homines
1210 2252 1239 2299 et
1251 2243 1303 2319 jn-

152 2370 153 2374 ,
242 2336 344 2384 menta
362 2321 501 2396 salvavit,
535 2320 788 2403 quemadmodum
820 2319 1033 2401 multiplicavit
1068 2323 1305 2385 misericordiam

225 2429 329 2469 snam
352 2408 446 2482 Deus,
469 2405 508 2466 ad
526 2405 608 2466 solos
635 2417 734 2465 tamen
758 2406 932 2464 innocentes
962 2425 1023 2463 non
1046 2409 1161 2486 patitur
1182 2407 1305 2467 eandem
1335 2476 1340 2483 ι

68 2502 305 2562 taurensem-tam
328 2490 452 2550 multam
473 2490 713 2551 misericordiam
730 2487 910 2572 pervenire?
945 2487 1047 2565 Quid,
1072 2510 1207 2571 quaeso,
1231 2492 1304 2574 quid

68 2551 231 2654 {illeille
243 2576 360 2635 invidet
391 2574 525 2658 parvulis
554 2574 731 2634 salvatorem
757 2572 929 2655 parvulum,
964 2573 1017 2652 qui
1048 2586 1136 2633 natus
1171 2587 1219 2636 est
1244 2575 1304 2636 eis?

243 2660 361 2719 Invidia
382 2657 456 2717 haec
478 2657 632 2718 diabolica
656 2670 715 2717 est:
737 2658 851 2725 invidia
872 2655 930 2717 liae
949 2676 1031 2715 mors
1052 2657 1175 2718 intravit
1193 2661 1229 2719 'in
1250 2680 1305 2720 or-

242 2743 313 2802 bem
332 2755 493 2801 terrarum.
535 2742 584 2799 An
596 2752 694 2822 putat,
715 2740 862 2824 parvulos
874 2739 1023 2799 salvatore
1039 2761 1102 2800 non
1116 2763 1216 2825 egere,
1233 2748 1305 2824 quia

242 2824 365 2909 parvuli
384 2824 477 2883 sunt?
521 2823 554 2883 Si
572 2826 614 2883 ita
636 2835 689 2898 est,
710 2844 782 2906 ergo
805 2825 897 2906 gratis
923 2844 1048 2907 magnus
1070 2825 1220 2886 Dominus
1239 2814 1330 2888 fac-¹

172 2910 186 2917 “
243 2921 295 2969 tus
315 2919 360 2968 est
379 2927 508 2990 parvus:
532 2918 567 2967 ut
587 2911 730 2983 omittam,
750 2907 836 2988 quod
849 2905 1014 2989 flagellatus
1036 2921 1104 2984 est,
1122 2910 1210 2991 quod
1230 2932 1305 2995 spu-

148 3013 156 3030 ⁴
242 2995 282 3053 tis
297 2992 421 3067 illitus,
444 2989 529 3074 quod
561 2994 646 3053 oruci
670 2989 800 3067 allisus,
821 2992 908 3071 quod
929 2991 1063 3073 denique
1085 3006 1224 3055 mortuns
1251 3007 1310 3056 est·

242 3077 313 3140 Non
336 3088 383 3136 est
399 3074 450 3136 hic
473 3068 567 3135 hoino
593 3072 706 3152 a'Deo,
728 3077 779 3157 qui
801 3076 844 3134 sic
863 3077 1015 3142 contraria
1038 3078 1105 3137 Deo
1127 3089 1157 3137 et
1182 3077 1258 3138 lacit
1274 3089 1304 3139 et
1340 3126 1342 3131 .

242 3161 392 3244 loquitur.
435 3160 497 3221 Pro
507 3159 614 3221 dolore
636 3160 760 3220 auditur
778 3171 906 3219 tamena
922 3157 1075 3241 pluribus,
1095 3173 1126 3220 et
1145 3162 1304 3244 populum,

243 3249 299 3328 qui
313 3247 372 3307 sibi
395 3245 511 3321 credat,
533 3244 635 3305 habet.
679 3242 965 3305 Oinfelicissimum
982 3244 1136 3326 populum.
1181 3234 1307 3307 Ad'vo-

242 3351 307 3390 cem
334 3333 422 3390 unius
446 3329 589 3391 haeretici
612 3328 768 3391 ‚siluerunt
793 3328 825 3387 in
850 3348 886 3389 eo
914 3332 1016 3389 omncs
1051 3327 1249 3410 propheticae
1275 3342 1306 3391 et

242 3415 427 3496 apostolicae
447 3434 545 3488 voces,
567 3416 645 3494 quae
662 3411 699 3471 de
719 3411 917 3472 convocando
936 3415 967 3471 in
984 3433 1044 3471 una
1069 3411 1264 3474 Christi-fide
1288 3436 1307 3477 e

242 3501 359 3557 cunctis
377 3497 553 3557 nationibus
572 3496 718 3569 Ecclesia,
739 3516 802 3556 uno
823 3498 957 3558 veritatis
981 3498 1091 3578 spiritu
1119 3499 1304 3560 cecinerunt.

227 3579 325 3664 ¹Ergo
348 3580 519 3640 fefellerunt
542 3581 643 3650 divina
663 3579 794 3655 oracula,
819 3581 967 3641 falluntur
993 3584 1127 3640 omnium
1159 3583 1243 3641 oculi
1273 3594 1306 3644 et

240 3667 348 3724 animi:
372 3666 435 3746 qui,
464 3664 551 3745 quod
575 3664 679 3748 legunt
707 3664 912 3745 praedictum,
947 3665 1103 3724 intuentur
1136 3666 1304 3750 impletum.

240 3749 341 3824 Quam
365 3761 446 3809 certe
466 3747 653 3809 manifestam
677 3748 816 3810 omnibus
847 3750 1001 3808 veritatem
1021 3748 1104 3808 solus
1123 3750 1199 3826 iste,
1232 3763 1330 3841 stu-¹·

238 3832 338 3916 penda
360 3843 389 3891 et
409 3851 536 3913 prorsus
557 3833 685 3895 Judaiea
703 3835 859 3908 caecitate,
882 3843 934 3892 aut
958 3852 1019 3891 non
1041 3832 1154 3910 videns,
1175 3847 1230 3895 aut
1253 3837 1305 3895 in-

239 3914 343 3975 videns
362 3916 573 3998 adimpletam,
593 3917 682 3978 simul
701 3919 803 3977 nescio
826 3927 973 3998 quaarte
1001 3915 1150 3978 diabolica
1170 3938 1304 4000 persua·

173 4033 177 4063 ι
239 4003 280 4060 ait
308 3999 426 4083 populo
460 3999 555 4063 stulto
587 4012 617 4062 et
648 4001 821 4083 insipienti,
864 3998 904 4060 de
928 4019 961 4059 re
982 4002 1138 4061 manifesta
1157 4022 1216 4062 nee
1238 4008 1316 4064 suis·

239 4084 365 4144 credere
384 4083 504 4146 oeulis:
518 4125 521 4130 -
537 4083 681 4145 fefellisse
707 4085 849 4166 priores,
880 4103 984 4144 errare
1015 4092 1176 4166 posteros,
1197 4097 1303 4148 totum

239 4169 398 4229 mundum·
408 4168 498 4230 etiam
514 4180 588 4252 post
608 4168 741 4236 effusum,
751 4166 918 4228 'CHRISTI
930 4206 933 4211 ·
947 4171 1122 4253 sanguinem
1137 4171 1303 4317 perditum

240 4255 297 4335 iri,
317 4251 623 4343 et·‚au⁸010s,.,qaoa
644 4251 769 4339 decipit,
792 4262 879 4339 totas,
885 4253 1116 4319 miursu'ouum
1169 4257 1197 4320 et
1219 4253 1310 4353 divi-
