2790 4792
260 323 343 407 asa
503 311 1096 389 assuescamus>

264 513 352 563 neret
365 501 415 565 'ad
442 522 579 584 poenam.
623 500 656 562 Si
682 498 808 582 quidem
831 499 1056 559 intes-'veniente
1089 495 1245 576 divortio,
1269 522 1326 564 non

264 585 406 648 aboletur
418 586 471 646 illa
488 584 734 647 confoederatio:
759 587 800 644 ita
815 595 851 643 ut
870 582 1015 664 nuptialis
1029 582 1102 642 sibi
1127 587 1324 667 conjsgusint

263 671 353 730 etiam
366 673 512 754 separati:
541 670 685 731 cumillis
709 680 810 729 antem
830 667 1010 727 adulterium
1039 671 1253 744 committant,
1265 673 1315 751 qui·

50 822 53 827 „
178 809 185 821 ,
262 752 322 815 bus
335 758 422 815 etiam
440 755 555 815 fuerint
570 767 642 839 post
663 774 751 814 suurn
776 752 936 833 repudium
946 750 1111 833 copulati,
1142 753 1197 814 vel
1219 753 1311 814 illatio

84 811 167 901 iili?
177 807 311 899 ibli'vet
336 840 387 900 ille
417 838 559 899 mulieri:
583 860 638 900 nec
661 851 761 899 nmen
787 837 843 897 nisi
868 838 899 895 in
924 836 1050 895 civitate
1074 836 1163 898 DEI
1183 840 1317 915 nostrisa

83 911 161 951 ''m“
263 936 368 984 monte
388 936 493 984 sancto
515 923 583 1004 ejus
600 923 667 984 talis
685 935 730 982 est
742 942 833 982 causa
849 940 918 979 cum
938 939 1053 981 uxore.

346 1022 375 1075 2.
402 1009 510 1068 IDEM
531 1029 555 1067 c.
580 1021 643 1074 15.:
665 1007 764 1066 Semel
781 1017 881 1065 autem
896 1005 1002 1063 initum
1011 1004 1221 1067 connubium
1232 1008 1321 1067 inciti·

261 1103 323 1153 tate
338 1093 395 1152 Dei
416 1094 524 1163 nostri,
542 1091 596 1151 ubi
616 1093 705 1152 etiam
725 1113 759 1150 ex
775 1092 873 1173 prima
893 1088 1030 1148 duorum
1050 1088 1224 1151 hominum
1238 1091 1323 1174 copub

84 1184 251 1228 ludimhbil·
263 1177 419 1258 quoddam
438 1188 656 1237 sacramentum
668 1177 794 1256 nuptiae
807 1184 925 1257 gerunt,
939 1171 1032 1232 nullo
1050 1175 1156 1235 modo
1167 1189 1268 1258 potest
1283 1177 1323 1235 nisi

82 1237 207 1279 'mm‘
262 1262 392 1342 alicujus
413 1282 517 1321 eorum
535 1272 636 1323 morte
656 1258 799 1327 dissolvi3
825 1258 1019 1317 manetenim
1038 1259 1204 1319 vinculum
1221 1263 1324 1344 nuptia·

261 1367 341 1420 rum,
359 1351 446 1406 etiam
467 1348 492 1406 si
514 1343 625 1427 proles,
648 1344 738 1423 cujus
760 1362 847 1402 causa
868 1343 980 1400 initum
1003 1356 1072 1417 est,
1099 1347 1259 1406 manifesta
1278 1358 1326 1405 ste·

263 1430 373 1492 rilitate
387 1452 447 1490 non
471 1429 693 1510 subsequaturr
727 1428 769 1487 ita
801 1438 836 1485 ut
860 1427 923 1506 jam
952 1426 1132 1488 scientibus
1156 1430 1325 1512 conjugibus

261 1535 324 1574 non
352 1536 385 1574 so
404 1513 483 1574 filios
508 1500 689 1587 habituros,
721 1531 860 1593 separare
884 1530 917 1569 sc
947 1522 1055 1570 tamen
1077 1513 1127 1572 vel
1156 1516 1224 1596 ipsa
1251 1533 1326 1574 causa

260 1597 408 1673 liliorum,
429 1611 521 1678 atque
546 1597 612 1657 aliis
643 1594 798 1677 copulare,
819 1615 879 1653 non
902 1593 1006 1656 liceat.

343 1696 375 1751 ὅ.
417 1682 563 1745 lBlDEM
593 1703 659 1763 cap.
677 1692 734 1747 18:
777 1679 862 1737 Sicut
881 1677 1008 1737 dnobus
1049 1678 1236 1761 pluribusve
1266 1703 1323 1743 ser·

260 1770 342 1840 vire,
364 1769 409 1827 sic
432 1788 449 1825 a
476 1769 543 1826 uiro
571 1767 639 1826 vivo
669 1767 701 1823 in
729 1761 852 1822 alterins
873 1765 1006 1821 transire
1035 1765 1249 1836 connubium,
1277 1786 1324 1827 nec

81 1872 133 1912 non
145 1870 202 1911 ucat
219 1871 248 1913 aa
260 1862 334 1911 tunc
359 1851 457 1924 licuit,
472 1871 528 1909 nec
548 1870 629 1909 nunc
646 1848 727 1923 licet,
752 1868 810 1906 nec
836 1867 973 1926 unquam
992 1847 1108 1908 licebit.
1149 1851 1323 1933 Apostatare

81 1919 212 2017 ζζζῖξξξζᾞ,
261 1936 377 2012 quippe
398 1932 437 1990 ab
457 1953 518 1995 uno
544 1933 625 2007 Deo,
649 1943 679 1991 et
694 1933 740 1989 ire
761 1934 792 1989 in
815 1930 942 1989 alterius
962 1932 1164 1993 adulterinam
1182 1935 1325 2016 supersti-

79 2016 180 2102 ²2222i13
193 2028 246 2103 ‘⁸3¹3-
260 2018 382 2087 tionem,
410 2034 528 2094 semper
554 2026 601 2073 est
632 2012 754 2078 malum.
796 2014 859 2073 Nec
886 2035 979 2076 causa
1004 2038 1074 2097 ergo
1107 2019 1323 2075 numerosioria

79 2074 139 2165 luga
258 2095 356 2179 prolis
376 2095 514 2154 fecerunt
534 2097 631 2155 sancti
648 2100 757 2170 nostri,
781 2097 864 2176 quod
884 2097 962 2160 Cato
991 2100 1096 2158 dicitur
1119 2099 1226 2155 secisse
1246 2100 1314 2155 Ro-

258 2200 373 2255 manus,
396 2191 432 2239 ut
446 2179 582 2239 traderet
597 2181 681 2239 vivus
703 2201 826 2239 uxorem
846 2182 936 2241 etiam
959 2183 1072 2244 alterius
1096 2178 1216 2239 domum
1237 2177 1306 2237 filiis

79 2264 457 2357 sanc'itam-impleturam.
498 2265 535 2325 Iu
561 2276 733 2335 nostrarum
750 2267 863 2347 quippe
886 2273 1004 2349 nuptiis
1012 2265 1103 2349 ,plus
1127 2263 1205 2323 ualet
1226 2283 1308 2323 sanc-

80 2365 200 2409 cimus.
257 2352 328 2413 titas
347 2349 539 2425 sacramenti,
565 2370 657 2433 quam
681 2349 870 2409 foecunditas
893 2357 988 2411 uteri.

340 2433 395 2494 ET
422 2455 489 2516 cap.
520 2445 580 2504 24:
621 2433 740 2495 Bonum
767 2436 867 2519 igitur.
919 2436 1005 2498 Vide
1032 2455 1125 2518 supra
1145 2434 1318 2516 quaestione

278 2521 361 2579 rima.
402 2520 439 2577 A.
464 2532 492 2587 τι.

255 2541 277 2602 p
341 2615 370 2669 4.
410 2586 679 2663 HIERONYMUS
700 2605 731 2662 in
746 2599 916 2684 Epitaphio
937 2602 1091 2665 Fabiolae
1113 2602 1151 2663 ad
1172 2602 1322 2664 Oceanum

77 2660 200 2754 puppup·
212 2667 245 2753 ii.
257 2685 384 2768 epistola
407 2699 467 2751 50:
488 2686 648 2767 Praecepit
663 2689 824 2763 Dominus,
835 2707 963 2746 uxorem
984 2709 1050 2748 non
1069 2687 1185 2749 debere
1207 2688 1321 2764 dimitti,

76 2777 221 2849 lterum&
257 2783 378 2849 excepta
404 2790 491 2828 causa
521 2770 753 2831 l'ornicationis:
790 2785 829 2846 ct,
861 2773 886 2829 si
912 2772 1035 2831 dimissa
1068 2773 1183 2851 fucrit,
1210 2792 1322 2847 manere

78 2833 244 2933 illidii?
255 2855 420 2933 innuptam.
465 2852 627 2933 Quidquid
646 2856 722 2914 viris.
729 2855 868 2934 jubetur,
880 2853 943 2915 hoc
964 2870 1196 2936 consequenter
1216 2858 1319 2918 redun-

78 2930 220 3024 ξ’ξὲξζξζῗω
256 2936 309 2996 dat
327 2939 357 2995 ia
379 2938 541 2996 foeminas:
575 2937 681 3017 Neque
702 2941 779 2997 enim
801 2938 939 2999 adultera
968 2960 1048 2999 uxor
1067 2942 1254 3003 dimittenda
1275 2951 1316 3013 est,

75 3053 95 3087 a.
109 3043 165 3101 ¹car,
179 3053 199 3089 a
213 3053 242 3090 ra
256 3024 343 3093 etvir
361 3020 506 3080 moechus
524 3021 708 3081 retinendus.
752 3023 794 3096 si,
819 3025 872 3103 qui
885 3026 1035 3083 meretrici
1053 3025 1216 3109 jungitur,
1238 3045 1313 3086 unum

75 3093 241 3187 21¹,2‘l}„¹f{†,⁸„
255 3128 370 3188 corpus
390 3107 477 3168 facit:
503 3126 573 3187 crgo
609 3117 639 3166 et
660 3127 739 3186 quae
760 3111 924 3166 scortatori
961 3110 1154 3190 impuroque
1184 3114 1312 3183 sociatur,

77 3190 209 3233 ⁰⁸⁹⁵⁸¹ffl
253 3211 347 3251 unum
364 3211 433 3249 curn
456 3210 491 3249 eo
515 3209 630 3270 corpus
653 3189 790 3250 efficitur.
832 3189 918 3251 Aliae
943 3205 1015 3251 sunt
1042 3191 1129 3275 leges
1158 3196 1312 3266 Caesarum

252 3273 328 3332 aliae
351 3273 480 3333 Christi:
508 3273 590 3333 aliud
616 3273 816 3356 Papinianus,
842 3274 927 3334 aliud
956 3275 1074 3337 Paulus
1104 3295 1215 3340 noster
1240 3299 1313 3363 prae·

251 3358 335 3439 cipit.
377 3356 469 3439 Apud
487 3356 558 3417 illos
573 3360 646 3417 viris
668 3359 874 3440 impudicitiae
895 3360 999 3421 fraena
1020 3361 1186 3423 laxantur:
1208 3378 1238 3425 et
1259 3361 1313 3423 solo

249 3454 356 3525 stupro
377 3455 469 3523 atque
485 3441 635 3501 adulterio
659 3442 869 3517 condemnato,
889 3446 999 3526 passim
1027 3466 1085 3526 per
1105 3446 1272 3529 lupanaria
1289 3456 1312 3504 et

247 3526 403 3586 ancillulas
429 3523 527 3584 libido
563 3529 768 3606 permittitur:
793 3530 876 3607 quasi
902 3528 1023 3609 culpam
1053 3529 1196 3611 dignitas
1229 3534 1311 3601 faciat,

250 3631 313 3669 non
335 3611 481 3673 voluntas.
524 3608 616 3690 rlpud
627 3631 682 3669 nos
695 3612 780 3691 quod
800 3633 862 3671 uon
885 3612 956 3671 licet
967 3614 1122 3690 litaminis,
1144 3638 1248 3699 aeque
1262 3635 1309 3676 nou

252 3694 322 3755 licet
334 3698 425 3773 viris:
455 3706 485 3753 et
501 3693 604 3754 eadem
631 3698 760 3755 servitus
786 3699 850 3776 pari
871 3696 1045 3756 conditione
1064 3713 1226 3761 censetur.

73 3783 228 3872 ll'ffif'tss‘.
334 3778 389 3838 ΕΤ
408 3778 502 3863 paulo
531 3791 622 3860 post:
664 3779 763 3860 igitur
794 3793 823 3838 ct
853 3779 991 3854 Fabiola,
1025 3783 1099 3861 quia
1127 3792 1307 3864 persuaserat

69 3844 329 3971 ffibffiaiiffllsibi,
358 3876 388 3923 et
408 3861 538 3945 putabat
564 3883 632 3921 ase
658 3865 757 3922 uirum
784 3864 854 3942 jure
879 3865 1050 3925 dimissum:
1081 3887 1141 3926 nec
1163 3867 1310 3954 Evangelii

70 3935 238 4035 „mlx”
251 3950 384 4030 vigorem
401 3959 535 4022 noverat,
557 3948 589 4005 in
613 3967 677 4026 quo
698 3946 835 4006 nubendi
860 3952 999 4008 universa
1017 3955 1172 4030 causatio,
1199 3955 1315 4015 viventi-

68 4026 308 4121 ss'lflfflbua
338 4034 427 4108 viris,
449 4033 587 4092 loeminis
602 4043 791 4111 amputatur:
818 4032 891 4092 dum
905 4033 999 4093 multa
1021 4033 1144 4095 diaboli
1166 4043 1245 4101 vitat
1255 4035 1315 4097 sul-

247 4131 446 4186 nera,unu1n
470 4118 591 4175 incauta
609 4114 720 4175 vulnus
735 4120 863 4196 accepit
908 4117 969 4177 Sed
980 4118 1057 4198 quid
1072 4141 1132 4202 ego
1160 4124 1195 4183 in
1222 4121 1316 4185 aboli-

245 4195 289 4273 tis
305 4207 336 4257 et
349 4199 482 4280 anu‘quis
496 4219 615 4279 moror,
639 4217 786 4282 quaerens
800 4220 942 4263 excusaoe
965 4201 1097 4286 culpam,
1121 4208 1221 4289 cujus
1245 4226 1317 4293 poc·
