2790 4792
63 159 76 243 ἰ
280 214 334 284 ao
509 154 1104 282 russei-suunr'o

107 412 177 454 iiiam
203 421 269 471 pins·
281 409 372 472 tram,
393 406 496 456 utrum
518 393 628 478 linguis
649 393 871 476 loquerentur?
911 399 953 459 Et
976 418 1047 461 cmii
1066 396 1191 477 videret,
1209 401 1350 465 eos·lin·'

106 461 253 563 iffissidffiii,
283 484 350 565 guis
369 501 429 540 uon
447 479 552 561 loqui,
576 482 617 539 ita
640 500 784 561 perverso
811 481 906 540 corde
925 483 1033 564 aliquis
1064 498 1195 553 vestium
1216 487 1286 563 fuit,
1312 501 1345 549 ut

78 628 83 645 Ι
107 563 238 615 ¹⁰q⁰⁸¹¹⁸⁰'·
285 568 411 627 diceret:
454 566 524 624 Non
549 574 732 645 acceperunt
754 565 966 646 istispirituio
985 580 1136 627 sanctum:
1158 572 1275 630 namsi
1297 594 1345 633 ae·

280 652 446 732 cepissent,
476 649 584 731 linguis
613 648 819 728 loquerentur,
843 651 1094 730 quemadmodum
1126 664 1202 713 tunc
1233 655 1344 718 factum

281 735 348 795 esti
391 734 424 792 Si
445 753 516 816 ergo
538 753 594 813 per
615 731 680 791 liaee
700 731 847 792 miracula
868 735 960 793 modo
983 739 1189 796 testimonium
1211 759 1341 819 praesen·

281 822 328 879 tiae
350 819 473 901 spiritus
490 819 584 877 sancti
595 838 658 876 non
667 813 713 891 fit,
732 816 816 874 undc
828 821 985 899 cognoscit
994 822 1135 901 quisque,
1150 825 1304 904 accepisse
1314 845 1342 883 se

280 905 421 986 spiritum
439 901 597 961 sanctuml
630 900 807 982 Interroget
828 922 884 960 cor
905 923 1010 962 suum:
1033 903 1058 963 si
1082 903 1185 988 diligit
1206 906 1339 983 fratrem,

280 999 381 1047 manet
403 984 534 1069 Spiritus
564 983 638 1044 DEI
658 986 690 1043 in
712 983 783 1043 illo:
806 984 913 1062 rideat,
938 986 1052 1069 probet
1069 1009 1100 1047 se
1122 989 1221 1072 ipsum
1242 1010 1339 1051 coram

262 1071 375 1133 ¹oculis
390 1070 477 1129 DEI:
499 1068 609 1144 videat,
632 1069 657 1126 si
677 1079 721 1128 est
742 1069 775 1127 in
803 1067 856 1128 illo
889 1064 1011 1149 dilectio
1038 1073 1121 1153 pacis
1152 1085 1181 1133 ct
1213 1068 1339 1149 unitatis,

281 1152 405 1215 dilectio
431 1153 572 1213 Ecclesiae
589 1164 658 1211 toto
670 1164 821 1213 terrarum
846 1152 922 1213 orbe
944 1154 1069 1215 diffusae.

364 1253 392 1306 4.
435 1236 662 1297 CYPRIAN'US
683 1238 715 1296 iu
736 1237 861 1319 epistola
884 1238 923 1297 ad
944 1239 1128 1298 Jubaianum
1156 1238 1196 1300 de
1225 1239 1340 1303 liaereti-

281 1325 323 1384 cis
335 1322 533 1406 baptisandis.
575 1321 707 1398 Idcirco,
728 1323 798 1401 quia
809 1321 988 1383 Samaritani
1005 1320 1169 1405 legitimum
1187 1337 1218 1384 et
1235 1325 1340 1386 Eccle-

105 1415 219 1460 actosa.
235 1410 435 1468 ¹⁵·siasticum
464 1406 649 1487 baptismum
672 1409 829 1465 consecuti
851 1407 987 1481 lucrant,
1011 1406 1157 1489 baptizari
1181 1428 1233 1469 eos
1262 1410 1334 1471 ultra

222 1493 225 1497 ’
280 1514 342 1553 non
365 1492 541 1574 oportebat:
564 1491 617 1550 sed
632 1490 852 1566 tautummodo,
871 1490 957 1570 quod
978 1491 1090 1567 deerat,
1112 1493 1144 1550 id
1164 1494 1292 1554 aPetro
1309 1506 1339 1553 et

280 1579 397 1636 Joannc
419 1575 532 1634 factum
555 1586 610 1650 est,
627 1585 662 1633 ut
683 1577 822 1635 oratione
840 1597 898 1656 pro
918 1577 960 1632 eis
990 1575 1094 1634 habita
1115 1586 1146 1634 et
1175 1598 1269 1637 manu
1289 1580 1341 1636 im-

281 1662 391 1742 posita,
414 1662 608 1718 invocaretur
631 1670 661 1717 et
679 1658 889 1717 infunderetur
909 1678 1001 1739 super
1022 1680 1073 1719 eos
1103 1658 1237 1741 Spiritus
1260 1683 1341 1723 sauc-
1377 1694 1380 1699 ·

103 1754 234 1837 jum,
283 1757 342 1803 tus.
386 1742 482 1817 Quod
502 1762 582 1800 nunc
601 1762 726 1838 quoquc
742 1741 826 1825 apud
846 1763 901 1839 nos
914 1745 1037 1825 geritur,
1051 1748 1095 1819 ut,
1117 1747 1168 1823 qui
1189 1747 1221 1804 iu
1235 1745 1354 1819 Eccla,

100 1827 274 1937 {igpsgffflff
285 1831 329 1887 sia
352 1827 552 1925 baptizantur,
572 1828 743 1908 praepositis
761 1824 911 1922 Ecclesiae·
927 1825 1114 1924 offerantur,
1137 1832 1167 1887 et
1192 1850 1259 1912 per.
1274 1850 1343 1889 uos·

104 1923 363 1978 spiritunon-tium
385 1923 554 1969 orationem
582 1921 612 1969 et
643 1928 747 1969 manus
779 1922 1004 1990 impositionem
1035 1911 1181 1992 Spiritum
1201 1926 1333 1975 sanctum

106 1982 170 2015 ctum
194 1985 274 2013 conte·
595 1995 601 2006 ·
837 1996 842 2005 .
869 1997 874 2006 .

104 2029 204 2081 quun„
219 2022 273 2075 uip-
286 2007 520 2076 consequantur,
535 2004 564 2052 et
579 1993 734 2075 signaculo
754 1993 916 2063 Dominico
936 2008 1193 2061 consummentur.
1220 2018 1224 2027 ·

105 2072 179 2113 Μ·
370 2093 398 2148 1.
440 2078 472 2138 B.
492 2077 761 2139 HIERONYMUS
787 2079 932 2136 adversus
954 2080 1177 2140 Lucil'erianos:
1211 2079 1262 2139 Au
1275 2098 1339 2141 uet-

284 2167 327 2226 cis
352 2163 714 2246 (inquitLucileriauusl,
735 2163 822 2221 etiam
841 2161 1045 2220 Ecclesiarum
1073 2162 1157 2222 liunc
1184 2184 1251 2223 esse
1280 2184 1339 2223 iiio·

282 2272 355 2326 rem,
376 2261 410 2308 ut
430 2248 589 2330 baptizatis
614 2258 720 2329 postea
740 2267 845 2307 manus
868 2248 1077 2327 imponantur,
1107 2260 1138 2305 ct
1157 2247 1341 2317 itaiuvooe-

281 2348 333 2395 tur
354 2335 488 2416 Spiritus
508 2331 648 2393 sanctus?
690 2333 801 2413 Exigis,
825 2324 880 2390 ubi
898 2332 1046 2411 scriptum
1064 2332 1122 2389 sit?
1164 2331 1203 2390 Iu
1215 2332 1341 2391 Actibus

106 2413 228 2507 peso,
236 2424 268 2464 ¹⁹¹
279 2418 510 2500 Apostolorum.
567 2417 694 2476 Etiamsi
727 2420 885 2498 scripturae
914 2417 1079 2473 auctoritas
1105 2435 1166 2473 non
1194 2415 1341 2492 subesset,

121 2526 125 2534 ·
270 2505 374 2562 totius
389 2502 472 2560 orbis
490 2499 623 2559 iuliane
638 2513 754 2583 partem
774 2519 938 2560 consensus
964 2501 1058 2556 instar
1090 2502 1237 2582 praecepti
1260 2500 1344 2561 obti-

281 2598 374 2646 neret.
416 2584 492 2643 Nam
514 2594 543 2641 ct
564 2584 659 2643 multa
674 2584 747 2659 alia,
771 2606 838 2664 quae
856 2604 912 2665 per
928 2583 1120 2642 traditionem
1143 2587 1175 2642 iu
1199 2584 1341 2647 Ecclesiis

283 2669 495 2741 observantur,
524 2679 736 2727 auctoritatem
765 2669 822 2727 sibi
852 2669 969 2748 scripta
997 2665 1069 2748 legis
1099 2679 1341 2749 usurpaverunt:

283 2753 365 2827 velut
389 2754 420 2809 iti
449 2749 567 2809 lavaero
596 2763 644 2809 ter
666 2764 759 2834 caput
790 2753 966 2825 mergitare,
989 2762 1020 2808 et
1052 2762 1116 2809 caet
1160 2751 1342 2817 ORTHOD.

106 2834 354 2915 'stratonem-Non
376 2833 500 2916 quide'm
522 2833 635 2907 abnuo,
654 2833 733 2894 lianc
761 2856 824 2895 esse
845 2833 1052 2892 Ecclesiarum
1081 2837 1343 2912 consuetudinem,

105 2902 244 3006 iiiissffl
284 2935 320 2982 ut
341 2921 379 2981 ad
400 2939 461 2993 eos,
485 2919 538 2996 qui
562 2916 651 2999 longe
675 2921 705 2976 in
727 2917 895 2978 minoribus
915 2917 1046 2976 urbibus
1067 2939 1121 3001 per
1145 2919 1342 3000 presbyteros

283 3020 314 3069 et
334 3005 481 3065 diaconos
493 3003 636 3084 baptizati
651 3015 732 3077 sunt,
754 3004 922 3085 Episcopus
944 3001 983 3060 ad
1002 3003 1225 3063 invocationem
1239 3004 1342 3065 Sancti

253 3140 257 3148 .
281 3094 406 3175 spiritus
430 3108 549 3146 manum
571 3089 766 3168 impositurus
788 3097 933 3146 excurrat
975 3084 1036 3144 Sed
1057 3085 1146 3167 quale
1168 3099 1225 3163 est,
1243 3100 1280 3148 ut
1299 3087 1343 3149 le·

282 3198 332 3260 ges
353 3173 505 3239 Ecclesiae
526 3172 565 3231 ad
585 3171 722 3232 haeresim
733 3170 915 3246 transferas,
944 3183 974 3228 et
995 3171 1121 3253 virginis
1142 3172 1343 3255 iutegritatem

281 3281 337 3343 per
356 3259 548 3318 meretricum
569 3255 724 3338 lupanaria
756 3256 880 3339 patiaris
912 3256 1070 3336 spurcari?
1118 3255 1299 3340 Episcopus
1312 3258 1343 3319 ti

281 3345 413 3425 imponit
428 3362 556 3416 manum,
577 3342 614 3400 iis
635 3342 773 3424 imponit,
795 3341 849 3422 qui
870 3341 993 3422 inrecta
1014 3335 1074 3398 fide
1093 3337 1239 3420 baptizati
1261 3353 1343 3401 sunta

283 3429 338 3509 qui
360 3429 391 3485 iu
411 3437 498 3508 patre
520 3438 549 3484 et
570 3421 634 3484 filio
662 3436 691 3484 et
720 3424 838 3508 Spiritu
870 3435 971 3482 sancto
992 3434 1055 3481 tres
1086 3443 1232 3504 personas
1255 3446 1343 3487 uuam

283 3512 479 3571 substantiam
493 3508 697 3569 crediderunt.
740 3511 888 3568 Arrianus
904 3527 978 3567 vero
996 3526 1066 3565 cum
1080 3505 1165 3566 aliud
1182 3509 1343 3576 nihil-cre·
1383 3546 1385 3553 ·

284 3593 407 3666 diderit,
430 3592 572 3669 (claudite
591 3614 704 3672 quaeso
717 3615 811 3670 aures,
840 3595 893 3671 qui
913 3590 1049 3649 audituri
1072 3595 1164 3666 estis,
1185 3613 1225 3653 nc
1244 3605 1343 3655 imme
1382 3606 1385 3679 l

284 3679 444 3761 impietatis
466 3675 595 3736 vocibus
616 3677 803 3758 polluamini)
824 3678 881 3734 nisi
901 3677 933 3732 in
953 3687 1039 3754 patre
1059 3675 1126 3733 solo
1143 3696 1220 3737 vero
1246 3674 1341 3751 ΠΕΟ,

284 3775 315 3822 et
335 3764 365 3820 in
376 3760 472 3820 JESU
484 3760 656 3835 CHRISTO
670 3761 820 3822 salvatore
840 3771 990 3833 creatura,
1013 3771 1043 3818 et
1062 3759 1093 3816 iu
1111 3759 1225 3840 spiritu
1241 3772 1341 3823 sancto

284 3847 445 3925 utriusque
464 3866 570 3905 servo:
592 3844 751 3925 quomodo
770 3845 910 3927 spiritum
922 3854 1059 3902 sanctum
1078 3842 1117 3902 ab
1138 3841 1278 3909 Ecclesia
1295 3864 1343 3905 re*

284 3931 385 4012 cipiet,
408 3931 460 4009 qui
479 3929 607 3988 necdum
629 3932 835 3990 remissionem
856 3938 1062 4006 pcccatorum·
1083 3940 1265 3989 consecutus
1284 3925 1343 3990 sati
1371 3950 1374 3955 ·

285 4015 417 4096 Spiritus
437 4015 551 4096 quippe
572 4026 692 4074 sanctus
711 4016 770 4072 nisi
790 4011 932 4070 mundam
950 4008 1042 4070 fidem
1062 4031 1125 4070 uon
1142 4011 1271 4076 incolit}
1289 4028 1343 4075 uec

285 4097 441 4164 habitator
470 4098 538 4179 ejus
562 4098 668 4183 templi
692 4089 841 4174 efficitur,
873 4094 961 4180 quod
979 4094 1143 4177 antistitem
1170 4117 1234 4159 uon
1252 4094 1339 4159 lists
