<?xml version="1.0" encoding="UTF-8"?>
<!DOCTYPE html PUBLIC "-//W3C//DTD XHTML 1.0 Transitional//EN"
    "http://www.w3.org/TR/xhtml1/DTD/xhtml1-transitional.dtd">
<html xmlns="http://www.w3.org/1999/xhtml" xml:lang="en" lang="en">
 <head>
  <title>
</title>
<meta http-equiv="Content-Type" content="text/html;charset=utf-8" />
  <meta name='ocr-system' content='tesseract 3.04.00' />
  <meta name='ocr-capabilities' content='ocr_page ocr_carea ocr_par ocr_line ocrx_word'/>
</head>
<body>
  <div class='ocr_page' id='page_1' title='image "./summadoctrinaec01kanigoog_0476.png"; bbox 0 0 2782 4786; ppageno 0'>
   <div class='ocr_carea' id='block_1_1' title="bbox 370 331 1147 448">
    <p class='ocr_par' dir='ltr' id='par_1_1' title="bbox 370 331 1147 448">
     <span class='ocr_line' id='line_1_1' title="bbox 370 331 1147 448; baseline 0.019 -37"><span class='ocrx_word' id='word_1_1' title='bbox 370 331 897 448; x_wconf 45' lang='lat' dir='ltr'>murat-notarri</span> <span class='ocrx_word' id='word_1_2' title='bbox 1052 340 1147 434; x_wconf 76' lang='lat' dir='ltr'>tta</span> 
     </span>
    </p>
   </div>
   <div class='ocr_carea' id='block_1_2' title="bbox 378 527 881 602">
    <p class='ocr_par' dir='ltr' id='par_1_2' title="bbox 378 527 881 602">
     <span class='ocr_line' id='line_1_2' title="bbox 378 527 881 602; baseline -0.002 -9"><span class='ocrx_word' id='word_1_3' title='bbox 378 527 881 602; x_wconf 67' lang='lat' dir='ltr'>sculpturam·</span> 
     </span>
    </p>
   </div>
   <div class='ocr_carea' id='block_1_3' title="bbox 46 715 1218 1232">
    <p class='ocr_par' dir='ltr' id='par_1_3' title="bbox 46 715 1218 1232">
     <span class='ocr_line' id='line_1_3' title="bbox 154 715 1132 801; baseline -0.003 -19"><span class='ocrx_word' id='word_1_4' title='bbox 154 720 181 782; x_wconf 87' lang='lat' dir='ltr'>I.</span> <span class='ocrx_word' id='word_1_5' title='bbox 204 715 383 793; x_wconf 79' lang='lat' dir='ltr'>Corinth.</span> <span class='ocrx_word' id='word_1_6' title='bbox 405 715 497 780; x_wconf 84' lang='lat' dir='ltr'><strong>VH.=</strong></span> <span class='ocrx_word' id='word_1_7' title='bbox 540 717 620 776; x_wconf 91' lang='lat' dir='ltr'>Dico</span> <span class='ocrx_word' id='word_1_8' title='bbox 639 727 739 777; x_wconf 89' lang='lat' dir='ltr'>antem</span> <span class='ocrx_word' id='word_1_9' title='bbox 755 735 820 779; x_wconf 89' lang='lat' dir='ltr'>non</span> <span class='ocrx_word' id='word_1_10' title='bbox 835 718 938 799; x_wconf 84' lang='lat' dir='ltr'>nuptis</span> <span class='ocrx_word' id='word_1_11' title='bbox 960 728 991 777; x_wconf 93' lang='lat' dir='ltr'>et</span> <span class='ocrx_word' id='word_1_12' title='bbox 1015 715 1132 801; x_wconf 70' lang='lat' dir='ltr'>vidulae</span> 
     </span>
     <span class='ocr_line' id='line_1_4' title="bbox 46 804 1135 909; baseline -0.008 -18"><span class='ocrx_word' id='word_1_13' title='bbox 46 804 189 891; x_wconf 23' lang='lat' dir='ltr'>&#39;Bonum</span> <span class='ocrx_word' id='word_1_14' title='bbox 211 840 254 889; x_wconf 87' lang='lat' dir='ltr'>est</span> <span class='ocrx_word' id='word_1_15' title='bbox 274 826 341 902; x_wconf 91' lang='lat' dir='ltr'>illis,</span> <span class='ocrx_word' id='word_1_16' title='bbox 361 827 386 884; x_wconf 91' lang='lat' dir='ltr'>si</span> <span class='ocrx_word' id='word_1_17' title='bbox 407 827 451 884; x_wconf 90' lang='lat' dir='ltr'>sic</span> <span class='ocrx_word' id='word_1_18' title='bbox 471 834 685 909; x_wconf 76' lang='lat' dir='ltr'>permaneant,</span> <span class='ocrx_word' id='word_1_19' title='bbox 716 823 797 882; x_wconf 87' lang='lat' dir='ltr'>sicut</span> <span class='ocrx_word' id='word_1_20' title='bbox 823 833 854 882; x_wconf 91' lang='lat' dir='ltr'>et</span> <span class='ocrx_word' id='word_1_21' title='bbox 876 843 944 905; x_wconf 78' lang='lat' dir='ltr'>ego.</span> <span class='ocrx_word' id='word_1_22' title='bbox 988 825 1081 899; x_wconf 90' lang='lat' dir='ltr'>Quod</span> <span class='ocrx_word' id='word_1_23' title='bbox 1108 827 1135 886; x_wconf 93' lang='lat' dir='ltr'>si</span> 
     </span>
     <span class='ocr_line' id='line_1_5' title="bbox 71 927 1218 1011; baseline -0.005 -13"><span class='ocrx_word' id='word_1_24' title='bbox 71 959 134 998; x_wconf 92' lang='lat' dir='ltr'>non</span> <span class='ocrx_word' id='word_1_25' title='bbox 163 957 194 995; x_wconf 92' lang='lat' dir='ltr'>se</span> <span class='ocrx_word' id='word_1_26' title='bbox 221 935 390 1005; x_wconf 82' lang='lat' dir='ltr'>continent,</span> <span class='ocrx_word' id='word_1_27' title='bbox 422 929 559 990; x_wconf 82' lang='lat' dir='ltr'>nubant:</span> <span class='ocrx_word' id='word_1_28' title='bbox 580 929 686 988; x_wconf 89' lang='lat' dir='ltr'>melius</span> <span class='ocrx_word' id='word_1_29' title='bbox 718 941 764 989; x_wconf 90' lang='lat' dir='ltr'>est</span> <span class='ocrx_word' id='word_1_30' title='bbox 792 931 871 987; x_wconf 92' lang='lat' dir='ltr'>enirn</span> <span class='ocrx_word' id='word_1_31' title='bbox 897 927 1022 1004; x_wconf 87' lang='lat' dir='ltr'>nubere,</span> <span class='ocrx_word' id='word_1_32' title='bbox 1044 952 1136 1011; x_wconf 84' lang='lat' dir='ltr'>quam</span> <span class='ocrx_word' id='word_1_33' title='bbox 1215 960 1218 965; x_wconf 47' lang='lat'>¹</span> 
     </span>
     <span class='ocr_line' id='line_1_6' title="bbox 70 1031 1135 1118; baseline -0.004 -16"><span class='ocrx_word' id='word_1_34' title='bbox 70 1047 129 1102; x_wconf 86' lang='lat' dir='ltr'>uri.</span> <span class='ocrx_word' id='word_1_35' title='bbox 172 1043 212 1101; x_wconf 78' lang='lat' dir='ltr'>lis</span> <span class='ocrx_word' id='word_1_36' title='bbox 239 1053 349 1114; x_wconf 82' lang='lat' dir='ltr'>antem,</span> <span class='ocrx_word' id='word_1_37' title='bbox 372 1039 425 1116; x_wconf 90' lang='lat' dir='ltr'>qui</span> <span class='ocrx_word' id='word_1_38' title='bbox 450 1031 644 1095; x_wconf 85' lang='lat' dir='ltr'>matrimonio</span> <span class='ocrx_word' id='word_1_39' title='bbox 658 1038 762 1117; x_wconf 88' lang='lat' dir='ltr'>juncti</span> <span class='ocrx_word' id='word_1_40' title='bbox 791 1046 873 1113; x_wconf 90' lang='lat' dir='ltr'>sunt,</span> <span class='ocrx_word' id='word_1_41' title='bbox 893 1037 1049 1118; x_wconf 89' lang='lat' dir='ltr'>praecipio</span> <span class='ocrx_word' id='word_1_42' title='bbox 1070 1058 1135 1098; x_wconf 90' lang='lat' dir='ltr'>non</span> 
     </span>
     <span class='ocr_line' id='line_1_7' title="bbox 69 1140 1174 1232; baseline -0.008 -23"><span class='ocrx_word' id='word_1_43' title='bbox 69 1170 135 1232; x_wconf 83' lang='lat' dir='ltr'>ego,</span> <span class='ocrx_word' id='word_1_44' title='bbox 162 1146 215 1208; x_wconf 90' lang='lat' dir='ltr'>sed</span> <span class='ocrx_word' id='word_1_45' title='bbox 241 1147 404 1219; x_wconf 88' lang='lat' dir='ltr'>Dominus,</span> <span class='ocrx_word' id='word_1_46' title='bbox 431 1160 554 1203; x_wconf 89' lang='lat' dir='ltr'>uxorem</span> <span class='ocrx_word' id='word_1_47' title='bbox 577 1145 681 1202; x_wconf 79' lang='lat' dir='ltr'>a-viro</span> <span class='ocrx_word' id='word_1_48' title='bbox 705 1164 767 1204; x_wconf 91' lang='lat' dir='ltr'>non</span> <span class='ocrx_word' id='word_1_49' title='bbox 796 1143 962 1219; x_wconf 83' lang='lat' dir='ltr'>discedere,</span> <span class='ocrx_word' id='word_1_50' title='bbox 983 1151 1064 1203; x_wconf 78' lang='lat' dir='ltr'>etc.&#39;</span> <span class='ocrx_word' id='word_1_51' title='bbox 1171 1140 1174 1144; x_wconf 80' lang='grc'><strong><em>’</em></strong></span> 
     </span>
    </p>
   </div>
   <div class='ocr_carea' id='block_1_4' title="bbox 14 1251 1138 1888">
    <p class='ocr_par' dir='ltr' id='par_1_4' title="bbox 14 1251 1136 1888">
     <span class='ocr_line' id='line_1_8' title="bbox 151 1251 1135 1359; baseline -0.003 -22"><span class='ocrx_word' id='word_1_52' title='bbox 151 1275 176 1337; x_wconf 86' lang='lat'>1.</span> <span class='ocrx_word' id='word_1_53' title='bbox 194 1251 372 1335; x_wconf 35' lang='lat' dir='ltr'>&#39;Timotb</span> <span class='ocrx_word' id='word_1_54' title='bbox 399 1271 455 1331; x_wconf 57' lang='lat' dir='ltr'>Va</span> <span class='ocrx_word' id='word_1_55' title='bbox 501 1269 779 1334; x_wconf 72' lang='lat' dir='ltr'>‘Adolescentiores</span> <span class='ocrx_word' id='word_1_56' title='bbox 813 1286 913 1359; x_wconf 82' lang='lat' dir='ltr'>antem</span> <span class='ocrx_word' id='word_1_57' title='bbox 936 1272 1042 1333; x_wconf 89' lang='lat' dir='ltr'>viduas</span> <span class='ocrx_word' id='word_1_58' title='bbox 1073 1273 1135 1335; x_wconf 84' lang='lat' dir='ltr'>de-</span> 
     </span>
     <span class='ocr_line' id='line_1_9' title="bbox 66 1378 1135 1458; baseline -0.002 -16"><span class='ocrx_word' id='word_1_59' title='bbox 66 1386 137 1444; x_wconf 89' lang='lat' dir='ltr'>vita.</span> <span class='ocrx_word' id='word_1_60' title='bbox 183 1383 259 1441; x_wconf 87' lang='lat' dir='ltr'>Cum</span> <span class='ocrx_word' id='word_1_61' title='bbox 281 1379 360 1438; x_wconf 90' lang='lat' dir='ltr'>enim</span> <span class='ocrx_word' id='word_1_62' title='bbox 392 1378 557 1458; x_wconf 80' lang='lat' dir='ltr'>luxuriatae</span> <span class='ocrx_word' id='word_1_63' title='bbox 592 1380 706 1440; x_wconf 82' lang='lat' dir='ltr'>luerint</span> <span class='ocrx_word' id='word_1_64' title='bbox 732 1378 776 1436; x_wconf 86' lang='lat' dir='ltr'>in¹</span> <span class='ocrx_word' id='word_1_65' title='bbox 792 1378 987 1454; x_wconf 82' lang='lat' dir='ltr'>CHRISTO,</span> <span class='ocrx_word' id='word_1_66' title='bbox 1017 1380 1135 1440; x_wconf 88' lang='lat' dir='ltr'>nubere</span> 
     </span>
     <span class='ocr_line' id='line_1_10' title="bbox 67 1465 1136 1569; baseline -0.001 -19"><span class='ocrx_word' id='word_1_67' title='bbox 67 1489 194 1564; x_wconf 89' lang='lat' dir='ltr'>volunt,</span> <span class='ocrx_word' id='word_1_68' title='bbox 225 1465 370 1544; x_wconf 83' lang='lat' dir='ltr'>habentes</span> <span class='ocrx_word' id='word_1_69' title='bbox 392 1485 631 1566; x_wconf 83' lang='lat' dir='ltr'>damnationem,</span> <span class='ocrx_word' id='word_1_70' title='bbox 662 1489 734 1569; x_wconf 85' lang='lat' dir='ltr'>quia</span> <span class='ocrx_word' id='word_1_71' title='bbox 757 1487 886 1567; x_wconf 86' lang='lat' dir='ltr'>primam</span> <span class='ocrx_word' id='word_1_72' title='bbox 907 1468 998 1546; x_wconf 82' lang='lat' dir='ltr'>iidem</span> <span class='ocrx_word' id='word_1_73' title='bbox 1018 1489 1136 1549; x_wconf 86' lang='lat' dir='ltr'>irritam</span> 
     </span>
     <span class='ocr_line' id='line_1_11' title="bbox 69 1568 1134 1657; baseline -0.002 -1"><span class='ocrx_word' id='word_1_74' title='bbox 69 1597 225 1657; x_wconf 82' lang='lat' dir='ltr'>fecerunt·</span> <span class='ocrx_word' id='word_1_75' title='bbox 259 1591 468 1652; x_wconf 77' lang='lat' dir='ltr'>simulantem</span> <span class='ocrx_word' id='word_1_76' title='bbox 493 1605 523 1654; x_wconf 91' lang='lat' dir='ltr'>et</span> <span class='ocrx_word' id='word_1_77' title='bbox 559 1598 674 1654; x_wconf 81' lang='lat' dir='ltr'>otiosae</span> <span class='ocrx_word' id='word_1_78' title='bbox 703 1594 826 1654; x_wconf 89' lang='lat' dir='ltr'>discunt</span> <span class='ocrx_word' id='word_1_79' title='bbox 857 1568 986 1654; x_wconf 89' lang='lat' dir='ltr'>circuire</span> <span class='ocrx_word' id='word_1_80' title='bbox 1008 1592 1134 1656; x_wconf 79' lang='lat' dir='ltr'>dumosa</span> 
     </span>
     <span class='ocr_line' id='line_1_12' title="bbox 67 1680 1138 1809; baseline 0 -49"><span class='ocrx_word' id='word_1_81' title='bbox 67 1723 130 1760; x_wconf 88' lang='lat' dir='ltr'>non</span> <span class='ocrx_word' id='word_1_82' title='bbox 153 1699 252 1759; x_wconf 88' lang='lat' dir='ltr'>solum</span> <span class='ocrx_word' id='word_1_83' title='bbox 277 1701 411 1774; x_wconf 80' lang='lat' dir='ltr'>otiosae,</span> <span class='ocrx_word' id='word_1_84' title='bbox 446 1698 499 1758; x_wconf 90' lang='lat' dir='ltr'>scd</span> <span class='ocrx_word' id='word_1_85' title='bbox 522 1680 553 1759; x_wconf 82' lang='lat' dir='ltr'>et</span> <span class='ocrx_word' id='word_1_86' title='bbox 580 1696 729 1809; x_wconf 84' lang='lat' dir='ltr'>verbosae</span> <span class='ocrx_word' id='word_1_87' title='bbox 758 1711 790 1760; x_wconf 86' lang='lat' dir='ltr'>et</span> <span class='ocrx_word' id='word_1_88' title='bbox 819 1703 974 1776; x_wconf 87' lang='lat' dir='ltr'>curiosae,</span> <span class='ocrx_word' id='word_1_89' title='bbox 1001 1700 1138 1784; x_wconf 85' lang='lat' dir='ltr'>loquen-</span> 
     </span>
     <span class='ocr_line' id='line_1_13' title="bbox 14 1806 464 1888; baseline -0.002 -22"><span class='ocrx_word' id='word_1_90' title='bbox 14 1806 25 1815; x_wconf 88' lang='grc'><em>“</em></span> <span class='ocrx_word' id='word_1_91' title='bbox 70 1819 127 1883; x_wconf 86' lang='lat' dir='ltr'>tes,</span> <span class='ocrx_word' id='word_1_92' title='bbox 150 1806 231 1886; x_wconf 89' lang='lat' dir='ltr'>qnae&#39;</span> <span class='ocrx_word' id='word_1_93' title='bbox 247 1822 318 1864; x_wconf 91' lang='lat' dir='ltr'>non</span> <span class='ocrx_word' id='word_1_94' title='bbox 323 1817 464 1888; x_wconf 78' lang='lat' dir='ltr'>oportet.</span> 
     </span>
    </p>
   </div>
   <div class='ocr_carea' id='block_1_5' title="bbox 65 1928 1137 2338">
    <p class='ocr_par' dir='ltr' id='par_1_5' title="bbox 65 1928 1137 2338">
     <span class='ocr_line' id='line_1_14' title="bbox 153 1928 1137 2015; baseline 0 -21"><span class='ocrx_word' id='word_1_95' title='bbox 153 1933 281 1994; x_wconf 89' lang='lat' dir='ltr'>Eccle.</span> <span class='ocrx_word' id='word_1_96' title='bbox 307 1928 364 1995; x_wconf 57' lang='grc' dir='ltr'>ιιι</span> <span class='ocrx_word' id='word_1_97' title='bbox 404 1933 438 1992; x_wconf 85' lang='lat' dir='ltr'>si</span> <span class='ocrx_word' id='word_1_98' title='bbox 457 1931 532 2015; x_wconf 85' lang='lat' dir='ltr'>quid</span> <span class='ocrx_word' id='word_1_99' title='bbox 564 1933 673 1994; x_wconf 82' lang='lat' dir='ltr'>vovisti</span> <span class='ocrx_word' id='word_1_100' title='bbox 695 1934 785 2010; x_wconf 91' lang='lat' dir='ltr'>Deo,</span> <span class='ocrx_word' id='word_1_101' title='bbox 815 1956 854 1997; x_wconf 88' lang='lat' dir='ltr'>ne</span> <span class='ocrx_word' id='word_1_102' title='bbox 880 1937 1007 1995; x_wconf 88' lang='lat' dir='ltr'>moreris</span> <span class='ocrx_word' id='word_1_103' title='bbox 1023 1935 1137 2004; x_wconf 84' lang='lat' dir='ltr'>redde·</span> 
     </span>
     <span class='ocr_line' id='line_1_15' title="bbox 65 2020 1134 2124; baseline 0 -22"><span class='ocrx_word' id='word_1_104' title='bbox 65 2062 109 2102; x_wconf 89' lang='lat' dir='ltr'>re.</span> <span class='ocrx_word' id='word_1_105' title='bbox 152 2039 304 2120; x_wconf 85' lang='lat' dir='ltr'>Displicet</span> <span class='ocrx_word' id='word_1_106' title='bbox 328 2040 404 2098; x_wconf 90' lang='lat' dir='ltr'>enim</span> <span class='ocrx_word' id='word_1_107' title='bbox 439 2041 465 2098; x_wconf 90' lang='lat' dir='ltr'>ei</span> <span class='ocrx_word' id='word_1_108' title='bbox 497 2035 624 2096; x_wconf 86' lang='lat' dir='ltr'>infidelis</span> <span class='ocrx_word' id='word_1_109' title='bbox 661 2050 691 2099; x_wconf 91' lang='lat' dir='ltr'>et</span> <span class='ocrx_word' id='word_1_110' title='bbox 723 2039 822 2123; x_wconf 27' lang='lat' dir='ltr'>stulta,</span> <span class='ocrx_word' id='word_1_111' title='bbox 859 2020 1044 2124; x_wconf 78' lang='lat' dir='ltr'>promissio,</span> <span class='ocrx_word' id='word_1_112' title='bbox 1072 2043 1134 2103; x_wconf 82' lang='lat' dir='ltr'>sed</span> 
     </span>
     <span class='ocr_line' id='line_1_16' title="bbox 68 2143 1135 2230; baseline 0.004 -24"><span class='ocrx_word' id='word_1_113' title='bbox 68 2145 276 2230; x_wconf 87' lang='lat' dir='ltr'>quodcunque</span> <span class='ocrx_word' id='word_1_114' title='bbox 297 2144 424 2219; x_wconf 86' lang='lat' dir='ltr'>voveris,</span> <span class='ocrx_word' id='word_1_115' title='bbox 449 2143 560 2203; x_wconf 82' lang='lat' dir='ltr'>redde:</span> <span class='ocrx_word' id='word_1_116' title='bbox 582 2143 741 2230; x_wconf 87' lang='lat' dir='ltr'>multoque</span> <span class='ocrx_word' id='word_1_117' title='bbox 762 2147 867 2207; x_wconf 84' lang='lat' dir='ltr'>melius</span> <span class='ocrx_word' id='word_1_118' title='bbox 885 2161 931 2208; x_wconf 88' lang='lat' dir='ltr'>est</span> <span class='ocrx_word' id='word_1_119' title='bbox 952 2166 1017 2210; x_wconf 91' lang='lat' dir='ltr'>non</span> <span class='ocrx_word' id='word_1_120' title='bbox 1039 2170 1135 2210; x_wconf 84' lang='lat' dir='ltr'>vove-</span> 
     </span>
     <span class='ocr_line' id='line_1_17' title="bbox 68 2253 853 2338; baseline -0.004 -25"><span class='ocrx_word' id='word_1_121' title='bbox 68 2272 114 2329; x_wconf 87' lang='lat' dir='ltr'>re,</span> <span class='ocrx_word' id='word_1_122' title='bbox 130 2272 218 2338; x_wconf 83' lang='lat' dir='ltr'>quam</span> <span class='ocrx_word' id='word_1_123' title='bbox 236 2261 309 2332; x_wconf 92' lang='lat' dir='ltr'>post</span> <span class='ocrx_word' id='word_1_124' title='bbox 330 2262 434 2311; x_wconf 88' lang='lat' dir='ltr'>votum</span> <span class='ocrx_word' id='word_1_125' title='bbox 454 2253 602 2332; x_wconf 89' lang='lat' dir='ltr'>promissa</span> <span class='ocrx_word' id='word_1_126' title='bbox 627 2273 690 2312; x_wconf 92' lang='lat' dir='ltr'>non</span> <span class='ocrx_word' id='word_1_127' title='bbox 715 2253 853 2313; x_wconf 80' lang='lat' dir='ltr'>reddere.</span> 
     </span>
    </p>
   </div>
   <div class='ocr_carea' id='block_1_6' title="bbox 41 2375 1249 2900">
    <p class='ocr_par' dir='ltr' id='par_1_6' title="bbox 41 2375 1249 2900">
     <span class='ocr_line' id='line_1_18' title="bbox 65 2375 1206 2442; baseline 0.003 -4"><span class='ocrx_word' id='word_1_128' title='bbox 65 2393 74 2411; x_wconf 59' lang='lat'>¹·</span> <span class='ocrx_word' id='word_1_129' title='bbox 154 2378 376 2440; x_wconf 79' lang='lat' dir='ltr'>Deuteron.</span> <span class='ocrx_word' id='word_1_130' title='bbox 410 2375 547 2441; x_wconf 73' lang='lat' dir='ltr'>xxlle</span> <span class='ocrx_word' id='word_1_131' title='bbox 607 2377 683 2439; x_wconf 89' lang='lat' dir='ltr'>Cum</span> <span class='ocrx_word' id='word_1_132' title='bbox 712 2389 820 2438; x_wconf 88' lang='lat' dir='ltr'>votum</span> <span class='ocrx_word' id='word_1_133' title='bbox 850 2379 971 2439; x_wconf 89' lang='lat' dir='ltr'>voveris</span> <span class='ocrx_word' id='word_1_134' title='bbox 1002 2378 1134 2442; x_wconf 87' lang='lat' dir='ltr'>Domino</span> <span class='ocrx_word' id='word_1_135' title='bbox 1201 2397 1206 2410; x_wconf 79' lang='grc'><em>“</em></span> 
     </span>
     <span class='ocr_line' id='line_1_19' title="bbox 70 2467 1134 2568; baseline 0.003 -23"><span class='ocrx_word' id='word_1_136' title='bbox 70 2486 139 2545; x_wconf 88' lang='lat' dir='ltr'>Deo</span> <span class='ocrx_word' id='word_1_137' title='bbox 160 2498 226 2564; x_wconf 86' lang='lat' dir='ltr'>tuo,</span> <span class='ocrx_word' id='word_1_138' title='bbox 249 2504 311 2544; x_wconf 92' lang='lat' dir='ltr'>non</span> <span class='ocrx_word' id='word_1_139' title='bbox 331 2482 469 2552; x_wconf 83' lang='lat' dir='ltr'>tardabis</span> <span class='ocrx_word' id='word_1_140' title='bbox 488 2482 626 2568; x_wconf 83' lang='lat' dir='ltr'>reddere,</span> <span class='ocrx_word' id='word_1_141' title='bbox 648 2485 720 2564; x_wconf 84' lang='lat' dir='ltr'>quia</span> <span class='ocrx_word' id='word_1_142' title='bbox 740 2486 875 2566; x_wconf 85' lang='lat' dir='ltr'>requiret</span> <span class='ocrx_word' id='word_1_143' title='bbox 896 2483 974 2544; x_wconf 88' lang='lat' dir='ltr'>illud</span> <span class='ocrx_word' id='word_1_144' title='bbox 985 2467 1134 2549; x_wconf 78' lang='lat' dir='ltr'>Dominus</span> 
     </span>
     <span class='ocr_line' id='line_1_20' title="bbox 41 2568 1249 2677; baseline 0.004 -27"><span class='ocrx_word' id='word_1_145' title='bbox 41 2568 154 2665; x_wconf 61' lang='lat' dir='ltr'>¹Ileus</span> <span class='ocrx_word' id='word_1_146' title='bbox 174 2602 264 2651; x_wconf 88' lang='lat' dir='ltr'>tuus:</span> <span class='ocrx_word' id='word_1_147' title='bbox 283 2599 313 2647; x_wconf 92' lang='lat' dir='ltr'>et</span> <span class='ocrx_word' id='word_1_148' title='bbox 338 2590 363 2648; x_wconf 92' lang='lat' dir='ltr'>si</span> <span class='ocrx_word' id='word_1_149' title='bbox 382 2599 516 2647; x_wconf 86' lang='lat' dir='ltr'>moratus</span> <span class='ocrx_word' id='word_1_150' title='bbox 548 2587 652 2665; x_wconf 80' lang='lat' dir='ltr'>fueris,</span> <span class='ocrx_word' id='word_1_151' title='bbox 672 2588 869 2672; x_wconf 85' lang='lat' dir='ltr'>reputabitur</span> <span class='ocrx_word' id='word_1_152' title='bbox 889 2589 949 2667; x_wconf 80' lang='lat' dir='ltr'>tibi</span> <span class='ocrx_word' id='word_1_153' title='bbox 969 2594 1000 2653; x_wconf 90' lang='lat' dir='ltr'>iu</span> <span class='ocrx_word' id='word_1_154' title='bbox 1024 2615 1136 2676; x_wconf 88' lang='lat' dir='ltr'>pecca·</span> <span class='ocrx_word' id='word_1_155' title='bbox 1178 2630 1181 2635; x_wconf 92' lang='lat'>·</span> <span class='ocrx_word' id='word_1_156' title='bbox 1242 2665 1249 2677; x_wconf 32' lang='grc' dir='ltr'><strong><em>ι</em></strong></span> 
     </span>
     <span class='ocr_line' id='line_1_21' title="bbox 68 2692 1136 2783; baseline 0.01 -32"><span class='ocrx_word' id='word_1_157' title='bbox 68 2709 143 2758; x_wconf 82' lang='lat' dir='ltr'>tum.</span> <span class='ocrx_word' id='word_1_158' title='bbox 188 2696 221 2754; x_wconf 90' lang='lat' dir='ltr'>Si</span> <span class='ocrx_word' id='word_1_159' title='bbox 244 2692 376 2752; x_wconf 86' lang='lat' dir='ltr'>nolueris</span> <span class='ocrx_word' id='word_1_160' title='bbox 401 2692 549 2775; x_wconf 86' lang='lat' dir='ltr'>polliceri,</span> <span class='ocrx_word' id='word_1_161' title='bbox 574 2693 689 2776; x_wconf 82' lang='lat' dir='ltr'>absque</span> <span class='ocrx_word' id='word_1_162' title='bbox 706 2709 831 2779; x_wconf 85' lang='lat' dir='ltr'>peccato</span> <span class='ocrx_word' id='word_1_163' title='bbox 851 2700 920 2783; x_wconf 79' lang='lat' dir='ltr'>eris.</span> <span class='ocrx_word' id='word_1_164' title='bbox 964 2700 1060 2776; x_wconf 91' lang='lat' dir='ltr'>Quod</span> <span class='ocrx_word' id='word_1_165' title='bbox 1078 2723 1136 2763; x_wconf 61' lang='lat' dir='ltr'>aun</span> 
     </span>
     <span class='ocr_line' id='line_1_22' title="bbox 68 2792 1135 2900; baseline 0.007 -37"><span class='ocrx_word' id='word_1_166' title='bbox 68 2816 131 2864; x_wconf 91' lang='lat' dir='ltr'>tem</span> <span class='ocrx_word' id='word_1_167' title='bbox 153 2799 242 2900; x_wconf 78' lang='lat' dir='ltr'>semel</span> <span class='ocrx_word' id='word_1_168' title='bbox 265 2817 417 2881; x_wconf 85' lang='lat' dir='ltr'>egressum</span> <span class='ocrx_word' id='word_1_169' title='bbox 439 2811 484 2860; x_wconf 80' lang='lat' dir='ltr'>est</span> <span class='ocrx_word' id='word_1_170' title='bbox 502 2800 540 2860; x_wconf 88' lang='lat' dir='ltr'>de</span> <span class='ocrx_word' id='word_1_171' title='bbox 562 2802 649 2861; x_wconf 88' lang='lat' dir='ltr'>labiis</span> <span class='ocrx_word' id='word_1_172' title='bbox 669 2807 741 2882; x_wconf 88' lang='lat' dir='ltr'>tuis,</span> <span class='ocrx_word' id='word_1_173' title='bbox 765 2792 958 2889; x_wconf 70' lang='lat' dir='ltr'>obseriabis,</span> <span class='ocrx_word' id='word_1_174' title='bbox 980 2819 1011 2868; x_wconf 82' lang='lat' dir='ltr'>et</span> <span class='ocrx_word' id='word_1_175' title='bbox 1032 2807 1135 2888; x_wconf 86' lang='lat' dir='ltr'>facies,</span> 
     </span>
    </p>
   </div>
   <div class='ocr_carea' id='block_1_7' title="bbox 70 2896 1174 3087">
    <p class='ocr_par' dir='ltr' id='par_1_7' title="bbox 70 2896 1174 3087">
     <span class='ocr_line' id='line_1_23' title="bbox 70 2896 1174 2998; baseline 0.005 -28"><span class='ocrx_word' id='word_1_176' title='bbox 70 2911 153 2970; x_wconf 89' lang='lat' dir='ltr'>sicut</span> <span class='ocrx_word' id='word_1_177' title='bbox 168 2907 335 2991; x_wconf 88' lang='lat' dir='ltr'>promisisti</span> <span class='ocrx_word' id='word_1_178' title='bbox 361 2909 491 2969; x_wconf 87' lang='lat' dir='ltr'>Domino</span> <span class='ocrx_word' id='word_1_179' title='bbox 514 2909 582 2970; x_wconf 91' lang='lat' dir='ltr'>Deo</span> <span class='ocrx_word' id='word_1_180' title='bbox 605 2920 673 2989; x_wconf 84' lang='lat' dir='ltr'>tuo,</span> <span class='ocrx_word' id='word_1_181' title='bbox 700 2896 731 2991; x_wconf 87' lang='lat' dir='ltr'>et</span> <span class='ocrx_word' id='word_1_182' title='bbox 752 2916 881 2998; x_wconf 83' lang='lat' dir='ltr'>propria</span> <span class='ocrx_word' id='word_1_183' title='bbox 906 2915 1077 2996; x_wconf 84' lang='lat' dir='ltr'>voluntate,</span> <span class='ocrx_word' id='word_1_184' title='bbox 1105 2929 1137 2979; x_wconf 85' lang='lat' dir='ltr'>et</span> <span class='ocrx_word' id='word_1_185' title='bbox 1171 2953 1174 2962; x_wconf 79' lang='lat'><em>-</em></span> 
     </span>
     <span class='ocr_line' id='line_1_24' title="bbox 71 3013 408 3087; baseline -0.009 -11"><span class='ocrx_word' id='word_1_186' title='bbox 71 3037 129 3077; x_wconf 88' lang='lat' dir='ltr'>ore</span> <span class='ocrx_word' id='word_1_187' title='bbox 147 3028 203 3087; x_wconf 85' lang='lat' dir='ltr'>tuo</span> <span class='ocrx_word' id='word_1_188' title='bbox 228 3013 349 3075; x_wconf 85' lang='lat' dir='ltr'>locutus</span> <span class='ocrx_word' id='word_1_189' title='bbox 368 3034 408 3074; x_wconf 81' lang='lat' dir='ltr'>es.</span> 
     </span>
    </p>
   </div>
   <div class='ocr_carea' id='block_1_8' title="bbox 154 3115 926 3247">
    <p class='ocr_par' dir='ltr' id='par_1_8' title="bbox 154 3115 926 3247">
     <span class='ocr_line' id='line_1_25' title="bbox 154 3115 926 3247; baseline 0.014 -47"><span class='ocrx_word' id='word_1_190' title='bbox 154 3115 294 3202; x_wconf 70' lang='lat' dir='ltr'>rium.</span> <span class='ocrx_word' id='word_1_191' title='bbox 316 3140 464 3211; x_wconf 55' lang='lat' dir='ltr'>txxtu</span> <span class='ocrx_word' id='word_1_192' title='bbox 505 3143 622 3247; x_wconf 65' lang='lat' dir='ltr'>vovete</span> <span class='ocrx_word' id='word_1_193' title='bbox 643 3148 707 3210; x_wconf 51' lang='lat' dir='ltr'>ete.¹</span> <span class='ocrx_word' id='word_1_194' title='bbox 726 3148 763 3210; x_wconf 76' lang='grc' dir='ltr'>ιι</span> <span class='ocrx_word' id='word_1_195' title='bbox 779 3146 811 3209; x_wconf 69' lang='grc' dir='ltr'>ιη</span> <span class='ocrx_word' id='word_1_196' title='bbox 832 3160 926 3211; x_wconf 70' lang='lat' dir='ltr'>textu.</span> 
     </span>
    </p>
   </div>
   <div class='ocr_carea' id='block_1_9' title="bbox 28 3267 1174 4216">
    <p class='ocr_par' dir='ltr' id='par_1_9' title="bbox 28 3267 1174 4216">
     <span class='ocr_line' id='line_1_26' title="bbox 155 3267 1139 3356; baseline 0.018 -31"><span class='ocrx_word' id='word_1_197' title='bbox 155 3267 241 3328; x_wconf 88' lang='lat' dir='ltr'>Luc.</span> <span class='ocrx_word' id='word_1_198' title='bbox 272 3271 344 3334; x_wconf 67' lang='lat' dir='ltr'>lus</span> <span class='ocrx_word' id='word_1_199' title='bbox 385 3273 512 3335; x_wconf 88' lang='lat' dir='ltr'>Factum</span> <span class='ocrx_word' id='word_1_200' title='bbox 536 3290 581 3338; x_wconf 89' lang='lat' dir='ltr'>est</span> <span class='ocrx_word' id='word_1_201' title='bbox 615 3291 731 3356; x_wconf 78' lang='lat' dir='ltr'>autem,</span> <span class='ocrx_word' id='word_1_202' title='bbox 766 3278 992 3341; x_wconf 82' lang='lat' dir='ltr'>ambulantibus</span> <span class='ocrx_word' id='word_1_203' title='bbox 1020 3275 1081 3343; x_wconf 89' lang='lat' dir='ltr'>illis</span> <span class='ocrx_word' id='word_1_204' title='bbox 1105 3280 1139 3344; x_wconf 91' lang='lat' dir='ltr'>in</span> 
     </span>
     <span class='ocr_line' id='line_1_27' title="bbox 59 3372 1140 3472; baseline 0.017 -41"><span class='ocrx_word' id='word_1_205' title='bbox 59 3372 131 3448; x_wconf 75' lang='lat' dir='ltr'>via,</span> <span class='ocrx_word' id='word_1_206' title='bbox 154 3373 230 3434; x_wconf 81' lang='lat' dir='ltr'>dixit</span> <span class='ocrx_word' id='word_1_207' title='bbox 266 3376 391 3459; x_wconf 89' lang='lat' dir='ltr'>quidam</span> <span class='ocrx_word' id='word_1_208' title='bbox 423 3381 463 3443; x_wconf 86' lang='lat' dir='ltr'>ad</span> <span class='ocrx_word' id='word_1_209' title='bbox 496 3382 596 3446; x_wconf 76' lang='lat' dir='ltr'>illumt</span> <span class='ocrx_word' id='word_1_210' title='bbox 639 3385 757 3468; x_wconf 86' lang='lat' dir='ltr'>Sequar</span> <span class='ocrx_word' id='word_1_211' title='bbox 778 3397 818 3463; x_wconf 90' lang='lat' dir='ltr'>te,</span> <span class='ocrx_word' id='word_1_212' title='bbox 848 3386 1035 3472; x_wconf 48' lang='lat' dir='ltr'>poenaque</span> <span class='ocrx_word' id='word_1_213' title='bbox 1061 3391 1140 3449; x_wconf 85' lang='lat' dir='ltr'>ieris.</span> 
     </span>
     <span class='ocr_line' id='line_1_28' title="bbox 71 3476 1143 3588; baseline 0.018 -52"><span class='ocrx_word' id='word_1_214' title='bbox 71 3476 158 3539; x_wconf 86' lang='lat' dir='ltr'>Dixit</span> <span class='ocrx_word' id='word_1_215' title='bbox 178 3481 232 3541; x_wconf 91' lang='lat' dir='ltr'>illi</span> <span class='ocrx_word' id='word_1_216' title='bbox 241 3484 341 3546; x_wconf 75' lang='lat' dir='ltr'>Jesnsr</span> <span class='ocrx_word' id='word_1_217' title='bbox 369 3487 501 3575; x_wconf 82' lang='lat' dir='ltr'>Vulpes</span> <span class='ocrx_word' id='word_1_218' title='bbox 521 3489 621 3551; x_wconf 81' lang='lat' dir='ltr'>foveas</span> <span class='ocrx_word' id='word_1_219' title='bbox 639 3491 763 3588; x_wconf 83' lang='lat' dir='ltr'>habeut,</span> <span class='ocrx_word' id='word_1_220' title='bbox 788 3503 818 3555; x_wconf 90' lang='lat' dir='ltr'>et</span> <span class='ocrx_word' id='word_1_221' title='bbox 837 3495 977 3555; x_wconf 81' lang='lat' dir='ltr'>volucres</span> <span class='ocrx_word' id='word_1_222' title='bbox 998 3494 1073 3556; x_wconf 85' lang='lat' dir='ltr'>caeli</span> <span class='ocrx_word' id='word_1_223' title='bbox 1092 3498 1143 3555; x_wconf 92' lang='lat' dir='ltr'>ni-</span> 
     </span>
     <span class='ocr_line' id='line_1_29' title="bbox 74 3576 1142 3687; baseline 0.015 -42"><span class='ocrx_word' id='word_1_224' title='bbox 74 3583 149 3647; x_wconf 75' lang='lat' dir='ltr'>dos:</span> <span class='ocrx_word' id='word_1_225' title='bbox 170 3586 252 3650; x_wconf 86' lang='lat' dir='ltr'>filius</span> <span class='ocrx_word' id='word_1_226' title='bbox 270 3606 370 3654; x_wconf 84' lang='lat' dir='ltr'>antem</span> <span class='ocrx_word' id='word_1_227' title='bbox 393 3576 529 3687; x_wconf 74' lang='lat' dir='ltr'>hominis</span> <span class='ocrx_word' id='word_1_228' title='bbox 536 3584 717 3676; x_wconf 74' lang='lat' dir='ltr'>nonhabet,</span> <span class='ocrx_word' id='word_1_229' title='bbox 734 3580 796 3661; x_wconf 85' lang='lat' dir='ltr'>irbi</span> <span class='ocrx_word' id='word_1_230' title='bbox 818 3612 930 3684; x_wconf 86' lang='lat' dir='ltr'>caput</span> <span class='ocrx_word' id='word_1_231' title='bbox 937 3621 1025 3660; x_wconf 87' lang='lat' dir='ltr'>snum</span> <span class='ocrx_word' id='word_1_232' title='bbox 1050 3602 1142 3661; x_wconf 87' lang='lat' dir='ltr'>recli-</span> 
     </span>
     <span class='ocr_line' id='line_1_30' title="bbox 73 3697 1143 3788; baseline 0.017 -38"><span class='ocrx_word' id='word_1_233' title='bbox 73 3705 145 3752; x_wconf 89' lang='lat' dir='ltr'>net</span> <span class='ocrx_word' id='word_1_234' title='bbox 179 3697 233 3757; x_wconf 82' lang='lat' dir='ltr'>Ait</span> <span class='ocrx_word' id='word_1_235' title='bbox 253 3711 353 3767; x_wconf 88' lang='lat' dir='ltr'>autem</span> <span class='ocrx_word' id='word_1_236' title='bbox 374 3700 412 3771; x_wconf 82' lang='lat' dir='ltr'>ad</span> <span class='ocrx_word' id='word_1_237' title='bbox 433 3703 576 3771; x_wconf 71' lang='lat' dir='ltr'>altemmz</span> <span class='ocrx_word' id='word_1_238' title='bbox 598 3704 730 3788; x_wconf 86' lang='lat' dir='ltr'>Sequere</span> <span class='ocrx_word' id='word_1_239' title='bbox 754 3729 812 3772; x_wconf 66' lang='lat' dir='ltr'>mas</span> <span class='ocrx_word' id='word_1_240' title='bbox 853 3709 908 3768; x_wconf 93' lang='lat' dir='ltr'>Ille</span> <span class='ocrx_word' id='word_1_241' title='bbox 929 3719 1028 3769; x_wconf 84' lang='lat' dir='ltr'>autem</span> <span class='ocrx_word' id='word_1_242' title='bbox 1053 3708 1143 3784; x_wconf 73' lang='lat' dir='ltr'>dixitr</span> 
     </span>
     <span class='ocr_line' id='line_1_31' title="bbox 76 3788 1147 3901; baseline 0.015 -44"><span class='ocrx_word' id='word_1_243' title='bbox 76 3798 236 3880; x_wconf 89' lang='lat' dir='ltr'>Domine,</span> <span class='ocrx_word' id='word_1_244' title='bbox 239 3811 381 3889; x_wconf 84' lang='lat' dir='ltr'>permitte</span> <span class='ocrx_word' id='word_1_245' title='bbox 402 3809 487 3888; x_wconf 91' lang='lat' dir='ltr'>mihi,</span> <span class='ocrx_word' id='word_1_246' title='bbox 515 3811 648 3901; x_wconf 81' lang='lat' dir='ltr'>primum</span> <span class='ocrx_word' id='word_1_247' title='bbox 666 3815 712 3874; x_wconf 86' lang='lat' dir='ltr'>ire</span> <span class='ocrx_word' id='word_1_248' title='bbox 730 3788 780 3874; x_wconf 82' lang='lat' dir='ltr'>el.</span> <span class='ocrx_word' id='word_1_249' title='bbox 793 3814 921 3898; x_wconf 85' lang='lat' dir='ltr'>sepelire</span> <span class='ocrx_word' id='word_1_250' title='bbox 940 3824 1058 3896; x_wconf 81' lang='lat' dir='ltr'>patrem</span> <span class='ocrx_word' id='word_1_251' title='bbox 1081 3834 1147 3873; x_wconf 80' lang='lat' dir='ltr'>rna·</span> 
     </span>
     <span class='ocr_line' id='line_1_32' title="bbox 77 3908 1174 4003; baseline 0.017 -41"><span class='ocrx_word' id='word_1_252' title='bbox 77 3920 139 3965; x_wconf 89' lang='lat' dir='ltr'>um.</span> <span class='ocrx_word' id='word_1_253' title='bbox 180 3908 369 3994; x_wconf 83' lang='lat' dir='ltr'>Dixitque</span> <span class='ocrx_word' id='word_1_254' title='bbox 344 3936 371 3976; x_wconf 88' lang='lat' dir='ltr'>er</span> <span class='ocrx_word' id='word_1_255' title='bbox 392 3917 492 3978; x_wconf 86' lang='lat' dir='ltr'>Jesus:</span> <span class='ocrx_word' id='word_1_256' title='bbox 530 3917 616 3995; x_wconf 89' lang='lat' dir='ltr'>Sine,</span> <span class='ocrx_word' id='word_1_257' title='bbox 645 3931 680 3979; x_wconf 90' lang='lat' dir='ltr'>ut</span> <span class='ocrx_word' id='word_1_258' title='bbox 701 3912 816 3982; x_wconf 79' lang='lat' dir='ltr'>mortni</span> <span class='ocrx_word' id='word_1_259' title='bbox 841 3919 987 4003; x_wconf 83' lang='lat' dir='ltr'>sepeliant</span> <span class='ocrx_word' id='word_1_260' title='bbox 1005 3931 1174 3981; x_wconf 87' lang='lat' dir='ltr'>mortuos-</span> 
     </span>
     <span class='ocr_line' id='line_1_33' title="bbox 77 4019 1142 4109; baseline 0.016 -39"><span class='ocrx_word' id='word_1_261' title='bbox 77 4030 167 4078; x_wconf 83' lang='lat' dir='ltr'>suos:</span> <span class='ocrx_word' id='word_1_262' title='bbox 191 4026 225 4077; x_wconf 88' lang='lat' dir='ltr'>tn</span> <span class='ocrx_word' id='word_1_263' title='bbox 244 4031 342 4084; x_wconf 89' lang='lat' dir='ltr'>autem</span> <span class='ocrx_word' id='word_1_264' title='bbox 356 4019 432 4084; x_wconf 84' lang='lat' dir='ltr'>rade</span> <span class='ocrx_word' id='word_1_265' title='bbox 446 4037 477 4085; x_wconf 89' lang='lat' dir='ltr'>et</span> <span class='ocrx_word' id='word_1_266' title='bbox 499 4025 649 4086; x_wconf 86' lang='lat' dir='ltr'>annuncia</span> <span class='ocrx_word' id='word_1_267' title='bbox 666 4046 792 4109; x_wconf 74' lang='lat' dir='ltr'>regnum</span> <span class='ocrx_word' id='word_1_268' title='bbox 815 4027 885 4090; x_wconf 93' lang='lat' dir='ltr'>Dei</span> <span class='ocrx_word' id='word_1_269' title='bbox 918 4027 966 4086; x_wconf 84' lang='grc' dir='ltr'>Ει</span> <span class='ocrx_word' id='word_1_270' title='bbox 986 4028 1030 4090; x_wconf 85' lang='lat' dir='ltr'>ait</span> <span class='ocrx_word' id='word_1_271' title='bbox 1048 4027 1142 4088; x_wconf 78' lang='lat' dir='ltr'>altera</span> 
     </span>
     <span class='ocr_line' id='line_1_34' title="bbox 28 4111 1144 4216; baseline 0.017 -40"><span class='ocrx_word' id='word_1_272' title='bbox 28 4148 40 4157; x_wconf 84' lang='lat'><em>-</em></span> <span class='ocrx_word' id='word_1_273' title='bbox 76 4111 198 4203; x_wconf 85' lang='lat' dir='ltr'>Sequar</span> <span class='ocrx_word' id='word_1_274' title='bbox 222 4132 253 4181; x_wconf 90' lang='lat' dir='ltr'>te</span> <span class='ocrx_word' id='word_1_275' title='bbox 273 4121 422 4191; x_wconf 89' lang='lat' dir='ltr'>Domine.</span> <span class='ocrx_word' id='word_1_276' title='bbox 443 4131 530 4194; x_wconf 86' lang='lat' dir='ltr'>sed</span> <span class='ocrx_word' id='word_1_277' title='bbox 538 4132 680 4214; x_wconf 85' lang='lat' dir='ltr'>permitte</span> <span class='ocrx_word' id='word_1_278' title='bbox 701 4132 778 4193; x_wconf 86' lang='lat' dir='ltr'>mihi</span> <span class='ocrx_word' id='word_1_279' title='bbox 802 4132 935 4216; x_wconf 77' lang='lat' dir='ltr'>primurn</span> <span class='ocrx_word' id='word_1_280' title='bbox 966 4137 1144 4195; x_wconf 90' lang='lat' dir='ltr'>renunciare</span> 
     </span>
    </p>
   </div>
   <div class='ocr_carea' id='block_1_10' title="bbox 76 4202 1312 4366">
    <p class='ocr_par' dir='ltr' id='par_1_10' title="bbox 76 4202 1312 4366">
     <span class='ocr_line' id='line_1_35' title="bbox 76 4202 1312 4366; baseline 0.003 -66"><span class='ocrx_word' id='word_1_281' title='bbox 76 4218 168 4300; x_wconf 52' lang='grc' dir='ltr'>Βῆ</span> <span class='ocrx_word' id='word_1_282' title='bbox 154 4220 247 4310; x_wconf 78' lang='lat' dir='ltr'>qni</span> <span class='ocrx_word' id='word_1_283' title='bbox 241 4202 360 4298; x_wconf 84' lang='lat' dir='ltr'>Doni</span> <span class='ocrx_word' id='word_1_284' title='bbox 376 4242 481 4299; x_wconf 60' lang='lat' dir='ltr'>sueti-&#39;¹</span> <span class='ocrx_word' id='word_1_285' title='bbox 488 4235 570 4303; x_wconf 60' lang='lat' dir='ltr'>:epp</span> <span class='ocrx_word' id='word_1_286' title='bbox 581 4239 622 4333; x_wconf 72' lang='grc' dir='ltr'>ιιι</span> <span class='ocrx_word' id='word_1_287' title='bbox 639 4239 752 4366; x_wconf 75' lang='grc' dir='ltr'>ιιιιιιιι</span> <span class='ocrx_word' id='word_1_288' title='bbox 752 4239 881 4303; x_wconf 66' lang='lat' dir='ltr'>leima</span> <span class='ocrx_word' id='word_1_289' title='bbox 895 4237 1001 4305; x_wconf 73' lang='lat' dir='ltr'>Nemo</span> <span class='ocrx_word' id='word_1_290' title='bbox 1021 4221 1148 4306; x_wconf 79' lang='lat' dir='ltr'>mitteris</span> <span class='ocrx_word' id='word_1_291' title='bbox 1239 4230 1312 4334; x_wconf 55' lang='lat'>„4:³5³</span> 
     </span>
    </p>
   </div>
   <div class='ocr_carea' id='block_1_11' title="bbox 0 0 1402 4786">
    <p class='ocr_par' dir='ltr' id='par_1_11' title="bbox 0 0 1402 4786">
     <span class='ocr_line' id='line_1_36' title="bbox 0 0 1402 4786; baseline 0 0"><span class='ocrx_word' id='word_1_292' title='bbox 0 0 1402 4786; x_wconf 95' lang='lat' dir='ltr'> </span> 
     </span>
    </p>
   </div>
  </div>
 </body>
</html>
