2790 4792
286 340 366 419 100
532 338 1111 414 Dn-'stanM-nnro

271 514 390 593 'eundo
407 527 555 607 verbum,
577 525 662 612 qnod
682 516 745 590 suis
767 531 861 592 oculis
882 532 1042 611 viderant,
1071 535 1103 597 iu
1133 537 1301 600 tremendis
1324 553 1352 603 et

290 615 458 698 impollutis
484 614 689 695 vitalibusque
722 619 917 676 sacramentis
948 621 1124 680 memoriam
1146 642 1275 700 eorum,
1299 628 1352 707 qui

141 727 253 770 ..m
290 697 699 775 fidelitcrobdormierunt,
722 697 891 760 babendum
913 702 1080 762 edixerunt
1132 706 1228 783 Quod
1251 708 1350 770 adbuc

113 784 279 870 mmm&
290 781 417 843 tirmiter
431 796 522 866 utque
544 782 620 844 adeo
633 784 707 843 ¹siue
729 785 967 848 contradictione
1001 786 1145 850 observat
1171 788 1349 872 Apostolica

114 877 237 965 appion,
292 878 323 929 et
339 867 497 929 Catholica
518 854 662 928 Ecclesia·
675 866 836 928 CHRISTI
858 883 888 930 et
907 873 987 947 Dei,
1009 892 1026 932 a
1055 871 1168 934 finibus
1189 895 1292 958 usque
1314 879 1349 939 ad

113 931 224 978 mm
290 951 365 1013 fine's
386 960 506 1033 toriae,
542 952 581 1012 ab
601 970 705 1041 'eoque
738 964 879 1035 tempore
903 974 1001 1036 usqne
1023 957 1059 1016 in
1080 978 1245 1040 praesens,
1269 965 1348 1022 etin

289 1034 639 1118 finem-mundium.
688 1035 833 1099 ¹Omnino
853 1038 913 1099 boc
932 1060 1033 1124 neque
1052 1063 1146 1117 vanc,
1168 1063 1271 1125 neque
1294 1045 1350 1105 eb-

115 1137 184 1181 uou.
266 1122 398 1200 surde,
420 1140 519 1204 neque
537 1131 660 1199 temert,
681 1121 848 1184 fortuitove
869 1123 1043 1185 ordinatum
1066 1137 1119 1186 est
1163 1127 1252 1204 Quae
1274 1133 1350 1191 euim

289 1205 461 1269 Christiana
485 1206 593 1290 religio
613 1210 727 1268 erroris
752 1211 852 1269 nescia
869 1212 1015 1292 suscipit,
1047 1221 1077 1270 et
1099 1214 1132 1269 in
1157 1222 1207 1271 tot
1230 1213 1349 1276 saecula

288 1305 387 1354 servat
401 1294 604 1370 inconeussa,
632 1294 753 1355 minime
771 1315 848 1354 vana
869 1305 969 1376 sunt,
986 1293 1040 1352 sed
1061 1293 1171 1370 utilia,
1192 1295 1263 1357 Deo
1283 1297 1348 1380 pla-

288 1377 398 1455 cida,·
421 1374 572 1459 salutique
601 1386 724 1439 nostrae
757 1376 963 1437 conducibilia
994 1378 1170 1459 plurimum.
1230 1380 1344 1442 Ibidem

111 1462 411 1561 persuasitas-'postem
431 1464 564 1544 Insuper
586 1458 818 1523 ‹it-'Athanasius
843 1464 874 1521 in
893 1482 1032 1522 sermone
1065 1462 1119 1522 illo
1139 1463 1343 1549 undecunque

112 1527 576 1629 sdssissiffssf⁶'conclnbo·¹,²·quem
601 1549 633 1606 iu
655 1567 729 1622 eos,
749 1548 801 1627 qui
823 1545 1075 1622 obdormierunt,
1103 1548 1250 1629 scripsit,
1273 1552 1343 1610 scite

158 1634 160 1639 ’
221 1698 225 1705 ,
275 1632 379 1703 ¹dicite
414 1631 446 1691 Si
476 1652 544 1713 quis
566 1629 649 1691 diem·
673 1630 806 1708 obierit,
838 1630 911 1690 licet
931 1633 962 1689 iu
984 1637 1082 1690 utrem
1103 1631 1278 1715 deponatur
1301 1636 1345 1693 in·

224 1740 228 1753 ·
284 1716 443 1792 humatus,
480 1737 519 1775 ne
552 1718 690 1776 omiseris
717 1715 819 1776 oleum
850 1726 881 1775 et
901 1735 1000 1793 ceram
1007 1742 1039 1793 ,χ
1051 1715 1193 1775 invocato
1225 1717 1344 1779 Christo

283 1791 373 1875 Deo,
412 1797 451 1858 ad
485 1797 673 1881 sepulcrum
695 1799 877 1858 accendere:
912 1799 1045 1881 Accepta
1077 1801 1156 1858 enim
1178 1799 1248 1861 Deo
1271 1814 1346 1880 sunt,

282 1883 516 1975 plurimamque·
536 1901 639 1940 secum
651 1909 658 1919 ·
671 1883 813 1943 referunt
852 1882 1096 1942 retributionem.
1139 1883 1251 1945 Oleum
1272 1888 1346 1946 enim

282 1978 314 2027 et
333 1964 746 2043 cera,'boloeaustumj·est.··
769 1969 942 2027 incruentae
962 1976 1061 2027 autem
1082 1966 1201 2028 hostiae
1223 1970 1344 2046 oblatio,

282 2048 471 2135 plopitiatid*
497 2061 550 2112 est
578 2056 582 2065 ⁴
606 2049 700 2126 Qu'od
722 2070 795 2108 vero
816 2052 847 2108 in
866 2064 1015 2133 pauperes
1038 2050 1211 2112 collocatur
1231 2051 1344 2113 benefi-

285 2134 388 2210 cium,
418 2133 517 2195 omnis
546 2132 880 2195 bellate’retributionis
897 2140 1101 2218 augmentum.
1153 2136 1264 2219 Itaque
1281 2148 1340 2221 prb

285 2214 459 2285 defunctu*
471 2217 719 2295 oblaturusfl'ete.
775 2215 919 2300 Apostoli
939 2222 1018 2279 enlm
1038 2221 1096 2280 Dei
1119 2221 1341 2303 praedicatores

285 2302 471 2387 etmagistri
491 2300 722 2364 sacrificiorum·
732 2312 907 2382 curatores,
940 2304 1053 2385 aliique
1070 2314 1172 2386 patres
1188 2304 1343 2387 suero-itl-

282 2387 347 2449 llati
363 2389 486 2459 numine
498 2402 513 2465 ,'
529 2400 559 2450 et
577 2382 740 2472 pitticipes
760 2387 880 2446 duretis
911 2390 1042 2448 animum
1067 2387 1211 2451 excedere
1235 2390 1346 2450 facbnss

200 2538 204 2545 ,
281 2474 336 2549 tis,
371 2471 537 2534 seeundum
558 2472 644 2556 quod
665 2472 709 2533 fas
731 2483 794 2533 erat
826 2484 856 2533 et
873 2473 1133 2555 acceptumDeo,
1163 2472 1270 2534 divino
1291 2494 1346 2535 ore

281 2552 514 2639 annuntiarunt,
537 2559 730 2642 operationes
750 2577 847 2617 sacras
864 2556 943 2639 (sive
976 2559 1135 2616 Missurum
1156 2556 1343 2635 oblationes)

217 2690 221 2699 ,
281 2650 320 2700 e't·
331 2658 457 2722 preces,
477 2653 507 2700 et
529 2642 660 2725 psalmos
690 2642 967 2723 anniversariasque
989 2641 1206 2700 defunctorum
1228 2662 1344 2703 memo·

280 2724 361 2807 rias,
384 2736 414 2785 et
436 2726 637 2807 ‹paecunque'
656 2744 752 2807 usque
773 2729 804 2783 in
825 2725 1008 2785 hodiernum
1022 2725 1101 2784 diem
1117 2727 1214 2807 gratia
1234 2727 1345 2811 benig-

281 2809 395 2868 nissimi
416 2808 490 2866 DEI
512 2812 683 2892 augentur',
696 2810 986 2890 indumentumque
1009 2813 1180 2891 accipiunt,
1208 2810 1253 2871 ‘ub
1274 2822 1345 2871 ortu

271 2890 352 2952 ,solis
386 2898 484 2974 usque
520 2891 559 2951 ad
582 2908 745 2969 oceasum,
787 2903 818 2952 et
848 2896 1092 2978 a'sept'entrione
1112 2905 1143 2953 et
1161 2892 1343 2977 meridiein

280 2972 408 3061 gloriam
441 2988 471 3037 et
503 2975 624 3037 laudeni
675 2977 735 3037 Dei
762 2977 887 3036 Domini
912 2977 1146 3055 dominorum,
1199 2988 1235 3040 et
1262 2979 1342 3063 regis

277 3063 477 3149 iegnan'tium.
608 3132 611 3137 ¹
776 3116 779 3121 .
931 3070 934 3075 '
1024 3058 1027 3063 ’

361 3150 390 3215 ’5.
434 3143 692 3207 AUGUS'I'INUS
717 3145 755 3203 'iu
788 3142 869 3204 libro
897 3143 936 3204 de
957 3164 1032 3206 cura
1057 3164 1115 3228 pro
1137 3149 1269 3208 mortuis
1287 3168 1358 3231 ges

105 3257 266 3310 auriam
278 3218 384 3293 relide
404 3250 470 3314 cap.
502 3244 544 3299 1·.:
573 3226 899 3290 In‘Macl'mbaeorum
931 3229 1025 3299 libris¹
1043 3229 1168 3312 legimus
1202 3216 1342 3299 oblatum

277 3331 337 3403 pro
350 3310 354 3321 '
368 3316 499 3376 mortuis
530 3312 735 3383 sucrificium·
777 3312 837 3372 Sed
859 3324 888 3372 et
909 3314 939 3385 si,
954 3326 1103 3394 nusquam
1124 3315 1156 3373 in
1179 3316 1341 3398 sculpturis

278 3396 576 3476 veteribus'omnino
601 3396 753 3483 legeretur
764 3442 775 3473 ,
796 3418 856 3457 nou
877 3410 969 3480 parra
990 3406 1036 3457 'est
1054 3400 1215 3459 universae
1231 3398 1342 3459 Eccle-

279 3489 358 3562 siae,
389 3490 468 3568 qu'ae
499 3485 531 3543 in
561 3481 619 3543 bac
650 3478 871 3544 consuetudine
893 3482 1002 3558 claret,
1023 3483 1215 3544 auctoritas:
1239 3483 1294 3543 ubi
1307 3484 1341 3543 iu

277 3569 423 3654 precibus
456 3567 638 3645 sacerdotis,
656 3570 755 3648 squas
797 3566 936 3626 Domino
961 3566 1048 3626 DEO
1071 3566 1128 3626 ads
1152 3567 1342 3648 ejus'elt'ttc

279 3653 462 3727 funduntur,
481 3652 585 3712 lotum
597 3648 687 3712 suu'm
700 3651 793 3720 habet
804 3654 893 3712 etiam
904 3651 1124 3735 commendatio
1138 3648 1340 3712 mortuorum.

362 3751 390 3805 6.
433 3736 537 3797 ITEM
559 3734 596 3796 de
625 3736 725 3795 verbis
748 3736 888 3818 Apostoli
910 3744 997 3795 s'trm.
1032 3734 1340 3802 54.velsceu1idi1'n't

279 3820 355 3901 elios
375 3834 446 3889 ωε
467 3820 544 3881 Pom
568 3841 586 3881 a
607 3816 738 3897 funeris,
775 3823 891 3905 agmina
913 3822 1139 3900 exsequiarum,
1162 3830 1341 3902 sompnium

272 3904 437 3988 'diligentia
468 3842 1120 3989 sepulld'r'ae,''monumentorumopulciita
1143 3896 1342 3976 constrictio,
1373 3946 1376 3951 ,

271 3990 419 4053 'vivorum
440 4002 512 4050 sunt
532 3984 758 4073 quali'adunque
779 3989 903 4063 solatia,
934 4006 996 4046 non
1018 3986 1176 4069 'adjutoria
1191 3998 1344 4067 ,mortuo-

108 4076 362 4139 scortatione-mm,
405 4072 606 4135 Orationibus
619 4076 698 4134 'vero
720 4086 839 4133 sanctae
860 4069 1067 4132 Ecclesiae'et
1083 4069 1239 4132 'sacrificiu
1260 4071 1344 4152 sulu-

105 4128 259 4238 libeliis
280 4159 359 4234 tari,
381 4168 415 4217 et=
432 4156 642 4234 eleemosynis,
678 4164 756 4241 quac
777 4156 835 4241 pro
858 4150 962 4241 eorum
981 4154 1144 4241 spiritibus
1164 4160 1342 4241 erogantur,

101 4225 346 4320 ssffl⁸¹²·”⁰¹'uon
366 4253 412 4307 est
432 4238 654 4322 dubituudditl,
680 4254 819 4305 mortuos
851 4238 1011 4326 adjurari,
1036 4246 1079 4302 'ut
1098 4248 1168 4303 eu'm
1188 4242 1233 4302 eis
1252 4240 1345 4301 mise·
