<?xml version="1.0" encoding="UTF-8"?>
<!DOCTYPE html PUBLIC "-//W3C//DTD XHTML 1.0 Transitional//EN"
    "http://www.w3.org/TR/xhtml1/DTD/xhtml1-transitional.dtd">
<html xmlns="http://www.w3.org/1999/xhtml" xml:lang="en" lang="en">
 <head>
  <title>
</title>
<meta http-equiv="Content-Type" content="text/html;charset=utf-8" />
  <meta name='ocr-system' content='tesseract 3.04.00' />
  <meta name='ocr-capabilities' content='ocr_page ocr_carea ocr_par ocr_line ocrx_word'/>
</head>
<body>
  <div class='ocr_page' id='page_1' title='image "./summadoctrinaec01kanigoog_0381.png"; bbox 0 0 2790 4792; ppageno 0'>
   <div class='ocr_carea' id='block_1_1' title="bbox 296 329 1143 412">
    <p class='ocr_par' dir='ltr' id='par_1_1' title="bbox 296 329 1143 412">
     <span class='ocr_line' id='line_1_1' title="bbox 296 329 1143 412; baseline 0.017 -20"><span class='ocrx_word' id='word_1_1' title='bbox 296 338 376 412; x_wconf 63' lang='lat' dir='ltr'>m</span> <span class='ocrx_word' id='word_1_2' title='bbox 538 332 619 395; x_wconf 81' lang='lat' dir='ltr'>nr</span> <span class='ocrx_word' id='word_1_3' title='bbox 669 329 1143 410; x_wconf 77' lang='lat' dir='ltr'>sacraunuro</span> 
     </span>
    </p>
   </div>
   <div class='ocr_carea' id='block_1_2' title="bbox 298 472 1387 693">
    <p class='ocr_par' dir='ltr' id='par_1_2' title="bbox 298 472 1387 693">
     <span class='ocr_line' id='line_1_2' title="bbox 298 472 1387 693; baseline 0.01 -107"><span class='ocrx_word' id='word_1_4' title='bbox 298 536 389 599; x_wconf 90' lang='lat' dir='ltr'>sunt,</span> <span class='ocrx_word' id='word_1_5' title='bbox 408 541 487 605; x_wconf 79' lang='lat' dir='ltr'>qnae</span> <span class='ocrx_word' id='word_1_6' title='bbox 508 519 674 604; x_wconf 74' lang='lat' dir='ltr'><strong>generatim</strong></span> <span class='ocrx_word' id='word_1_7' title='bbox 686 515 799 582; x_wconf 61' lang='lat' dir='ltr'>&#39;same</span> <span class='ocrx_word' id='word_1_8' title='bbox 819 521 948 601; x_wconf 68' lang='lat' dir='ltr'>Sy‘nodu</span> <span class='ocrx_word' id='word_1_9' title='bbox 963 510 1065 588; x_wconf 63' lang='lat' dir='ltr'>risum</span> <span class='ocrx_word' id='word_1_10' title='bbox 1085 540 1159 607; x_wconf 80' lang='lat' dir='ltr'>est,</span> <span class='ocrx_word' id='word_1_11' title='bbox 1202 531 1316 597; x_wconf 82' lang='lat' dir='ltr'>Christi</span> <span class='ocrx_word' id='word_1_12' title='bbox 1331 472 1387 693; x_wconf 45' lang='lat' dir='ltr'>ti]l</span> 
     </span>
    </p>
   </div>
   <div class='ocr_carea' id='block_1_3' title="bbox 296 605 1387 1028">
    <p class='ocr_par' dir='ltr' id='par_1_3' title="bbox 296 605 1387 1028">
     <span class='ocr_line' id='line_1_3' title="bbox 299 605 1358 684; baseline 0.012 -13"><span class='ocrx_word' id='word_1_13' title='bbox 299 611 381 672; x_wconf 88' lang='lat' dir='ltr'>deles</span> <span class='ocrx_word' id='word_1_14' title='bbox 410 609 449 669; x_wconf 91' lang='lat' dir='ltr'>de</span> <span class='ocrx_word' id='word_1_15' title='bbox 483 615 672 665; x_wconf 85' lang='lat' dir='ltr'>sacramento</span> <span class='ocrx_word' id='word_1_16' title='bbox 697 605 817 666; x_wconf 83' lang='lat' dir='ltr'><strong>ordinis</strong></span> <span class='ocrx_word' id='word_1_17' title='bbox 841 609 961 671; x_wconf 89' lang='lat' dir='ltr'>docere.</span> <span class='ocrx_word' id='word_1_18' title='bbox 1004 614 1060 672; x_wconf 87' lang='lat' dir='ltr'>His</span> <span class='ocrx_word' id='word_1_19' title='bbox 1085 626 1197 674; x_wconf 89' lang='lat' dir='ltr'>autem</span> <span class='ocrx_word' id='word_1_20' title='bbox 1223 627 1358 684; x_wconf 77' lang='lat' dir='ltr'>contram</span> 
     </span>
     <span class='ocr_line' id='line_1_4' title="bbox 298 688 1387 779; baseline 0.011 -23"><span class='ocrx_word' id='word_1_21' title='bbox 298 698 389 756; x_wconf 91' lang='lat' dir='ltr'>certis</span> <span class='ocrx_word' id='word_1_22' title='bbox 404 705 435 753; x_wconf 89' lang='lat' dir='ltr'>et</span> <span class='ocrx_word' id='word_1_23' title='bbox 447 691 583 775; x_wconf 88' lang='lat' dir='ltr'>propriis</span> <span class='ocrx_word' id='word_1_24' title='bbox 606 688 773 750; x_wconf 87' lang='lat' dir='ltr'>canonibus</span> <span class='ocrx_word' id='word_1_25' title='bbox 798 693 830 750; x_wconf 91' lang='lat' dir='ltr'>in</span> <span class='ocrx_word' id='word_1_26' title='bbox 850 692 953 770; x_wconf 87' lang='lat' dir='ltr'>hunc,</span> <span class='ocrx_word' id='word_1_27' title='bbox 978 698 1032 778; x_wconf 90' lang='lat' dir='ltr'>qni</span> <span class='ocrx_word' id='word_1_28' title='bbox 1054 701 1225 779; x_wconf 81' lang='lat' dir='ltr'>sequitur,</span> <span class='ocrx_word' id='word_1_29' title='bbox 1250 707 1354 768; x_wconf 86' lang='lat' dir='ltr'>modum</span> <span class='ocrx_word' id='word_1_30' title='bbox 1385 718 1387 727; x_wconf 93' lang='lat'>&#39;</span> 
     </span>
     <span class='ocr_line' id='line_1_5' title="bbox 297 774 1380 860; baseline 0.009 -20"><span class='ocrx_word' id='word_1_31' title='bbox 297 781 439 840; x_wconf 87' lang='lat' dir='ltr'>damnare</span> <span class='ocrx_word' id='word_1_32' title='bbox 459 774 639 849; x_wconf 88' lang='lat' dir='ltr'>constituit,</span> <span class='ocrx_word' id='word_1_33' title='bbox 660 785 696 832; x_wconf 91' lang='lat' dir='ltr'>ut</span> <span class='ocrx_word' id='word_1_34' title='bbox 716 794 820 836; x_wconf 89' lang='lat' dir='ltr'>omnes</span> <span class='ocrx_word' id='word_1_35' title='bbox 839 778 1007 859; x_wconf 86' lang='lat' dir='ltr'>adjuvante</span> <span class='ocrx_word' id='word_1_36' title='bbox 1024 780 1180 860; x_wconf 85' lang='lat' dir='ltr'>Christo,</span> <span class='ocrx_word' id='word_1_37' title='bbox 1217 785 1291 849; x_wconf 88' lang='lat' dir='ltr'>fidei</span> <span class='ocrx_word' id='word_1_38' title='bbox 1314 813 1354 852; x_wconf 84' lang='lat' dir='ltr'>re·</span> <span class='ocrx_word' id='word_1_39' title='bbox 1377 796 1380 801; x_wconf 86' lang='lat'>&#39;</span> 
     </span>
     <span class='ocr_line' id='line_1_6' title="bbox 298 859 1383 947; baseline 0.008 -24"><span class='ocrx_word' id='word_1_40' title='bbox 298 865 368 947; x_wconf 79' lang='lat' dir='ltr'>gula</span> <span class='ocrx_word' id='word_1_41' title='bbox 392 873 531 933; x_wconf 86' lang='lat' dir='ltr'>utentes,</span> <span class='ocrx_word' id='word_1_42' title='bbox 562 859 593 916; x_wconf 90' lang='lat' dir='ltr'>in</span> <span class='ocrx_word' id='word_1_43' title='bbox 617 870 667 917; x_wconf 88' lang='lat' dir='ltr'>tot</span> <span class='ocrx_word' id='word_1_44' title='bbox 683 878 821 918; x_wconf 86' lang='lat' dir='ltr'>errorum</span> <span class='ocrx_word' id='word_1_45' title='bbox 840 862 976 922; x_wconf 85' lang='lat' dir='ltr'>tenebris</span> <span class='ocrx_word' id='word_1_46' title='bbox 995 864 1199 928; x_wconf 75' lang='lat' dir='ltr'>catholicam</span> <span class='ocrx_word' id='word_1_47' title='bbox 1220 877 1356 936; x_wconf 73' lang='lat' dir='ltr'>veritatem</span> <span class='ocrx_word' id='word_1_48' title='bbox 1377 930 1383 939; x_wconf 83' lang='grc'><strong>,</strong></span> 
     </span>
     <span class='ocr_line' id='line_1_7' title="bbox 296 949 919 1028; baseline -0.005 -18"><span class='ocrx_word' id='word_1_49' title='bbox 296 949 414 1009; x_wconf 86' lang='lat' dir='ltr'><strong>facilius</strong></span> <span class='ocrx_word' id='word_1_50' title='bbox 431 962 592 1028; x_wconf 77' lang='lat' dir='ltr'>agnoscere</span> <span class='ocrx_word' id='word_1_51' title='bbox 616 954 647 1001; x_wconf 88' lang='lat' dir='ltr'>et</span> <span class='ocrx_word' id='word_1_52' title='bbox 664 954 767 1002; x_wconf 88' lang='lat' dir='ltr'>tenere</span> <span class='ocrx_word' id='word_1_53' title='bbox 785 959 919 1025; x_wconf 84' lang='lat' dir='ltr'><strong>possent.</strong></span> 
     </span>
    </p>
   </div>
   <div class='ocr_carea' id='block_1_4' title="bbox 107 954 1387 2808">
    <p class='ocr_par' dir='ltr' id='par_1_4' title="bbox 107 954 1387 2808">
     <span class='ocr_line' id='line_1_8' title="bbox 120 954 1387 1121; baseline 0.013 -35"><span class='ocrx_word' id='word_1_54' title='bbox 120 1041 281 1086; x_wconf 59' lang='lat' dir='ltr'>axeneone·</span> <span class='ocrx_word' id='word_1_55' title='bbox 381 1027 520 1092; x_wconf 73' lang='lat' dir='ltr'>CANON</span> <span class='ocrx_word' id='word_1_56' title='bbox 552 1039 598 1094; x_wconf 82' lang='lat'>1.:</span> <span class='ocrx_word' id='word_1_57' title='bbox 633 1025 666 1084; x_wconf 83' lang='lat' dir='ltr'>si</span> <span class='ocrx_word' id='word_1_58' title='bbox 692 1028 761 1106; x_wconf 90' lang='lat' dir='ltr'>quis</span> <span class='ocrx_word' id='word_1_59' title='bbox 779 1029 905 1105; x_wconf 82' lang='lat' dir='ltr'>dixerit,</span> <span class='ocrx_word' id='word_1_60' title='bbox 932 1051 996 1092; x_wconf 88' lang='lat' dir='ltr'>non</span> <span class='ocrx_word' id='word_1_61' title='bbox 1018 1052 1084 1093; x_wconf 86' lang='lat' dir='ltr'>esse</span> <span class='ocrx_word' id='word_1_62' title='bbox 1108 1035 1146 1095; x_wconf 86' lang='lat' dir='ltr'>in</span> <span class='ocrx_word' id='word_1_63' title='bbox 1175 1059 1265 1102; x_wconf 85' lang='lat' dir='ltr'>nove</span> <span class='ocrx_word' id='word_1_64' title='bbox 1282 954 1387 1121; x_wconf 77' lang='lat' dir='ltr'>terti-l</span> 
     </span>
     <span class='ocr_line' id='line_1_9' title="bbox 120 1097 1356 1212; baseline 0.004 -28"><span class='ocrx_word' id='word_1_65' title='bbox 120 1097 400 1184; x_wconf 56' lang='lat' dir='ltr'>iliiilihihmenro</span> <span class='ocrx_word' id='word_1_66' title='bbox 434 1111 640 1174; x_wconf 80' lang='lat' dir='ltr'>sacerdotium</span> <span class='ocrx_word' id='word_1_67' title='bbox 667 1110 788 1170; x_wconf 82' lang='lat' dir='ltr'>visibile</span> <span class='ocrx_word' id='word_1_68' title='bbox 809 1126 840 1173; x_wconf 89' lang='lat' dir='ltr'>ct</span> <span class='ocrx_word' id='word_1_69' title='bbox 864 1126 1036 1175; x_wconf 75' lang='lat' dir='ltr'>exter-nume</span> <span class='ocrx_word' id='word_1_70' title='bbox 1069 1118 1119 1177; x_wconf 81' lang='lat' dir='ltr'>vel</span> <span class='ocrx_word' id='word_1_71' title='bbox 1142 1142 1213 1184; x_wconf 89' lang='lat' dir='ltr'>non</span> <span class='ocrx_word' id='word_1_72' title='bbox 1233 1148 1298 1188; x_wconf 88' lang='lat' dir='ltr'>esse</span> <span class='ocrx_word' id='word_1_73' title='bbox 1314 1151 1356 1212; x_wconf 87' lang='lat' dir='ltr'>pe·</span> 
     </span>
     <span class='ocr_line' id='line_1_10' title="bbox 118 1191 1355 1294; baseline 0.002 -33"><span class='ocrx_word' id='word_1_74' title='bbox 118 1191 275 1238; x_wconf 55' lang='lat'>“⁸⁹³²”‘&#39;“⁴</span> <span class='ocrx_word' id='word_1_75' title='bbox 295 1215 434 1263; x_wconf 87' lang='lat' dir='ltr'>testatem</span> <span class='ocrx_word' id='word_1_76' title='bbox 457 1198 590 1277; x_wconf 88' lang='lat' dir='ltr'>aliquam</span> <span class='ocrx_word' id='word_1_77' title='bbox 619 1196 817 1255; x_wconf 85' lang='lat' dir='ltr'>consecrandi</span> <span class='ocrx_word' id='word_1_78' title='bbox 846 1210 876 1257; x_wconf 88' lang='lat' dir='ltr'>et</span> <span class='ocrx_word' id='word_1_79' title='bbox 893 1199 1044 1259; x_wconf 85' lang='lat' dir='ltr'>offerendi</span> <span class='ocrx_word' id='word_1_80' title='bbox 1062 1223 1179 1265; x_wconf 83' lang='lat' dir='ltr'>verum</span> <span class='ocrx_word' id='word_1_81' title='bbox 1206 1224 1355 1294; x_wconf 52' lang='lat' dir='ltr'>corpure</span> 
     </span>
     <span class='ocr_line' id='line_1_11' title="bbox 295 1281 1371 1370; baseline 0.015 -27"><span class='ocrx_word' id='word_1_82' title='bbox 295 1288 471 1370; x_wconf 71' lang='lat' dir='ltr'>sanguinem</span> <span class='ocrx_word' id='word_1_83' title='bbox 491 1281 634 1355; x_wconf 90' lang='lat' dir='ltr'>Domini,</span> <span class='ocrx_word' id='word_1_84' title='bbox 662 1291 693 1338; x_wconf 90' lang='lat' dir='ltr'>ct</span> <span class='ocrx_word' id='word_1_85' title='bbox 712 1293 838 1360; x_wconf 86' lang='lat' dir='ltr'>peccata</span> <span class='ocrx_word' id='word_1_86' title='bbox 865 1285 1038 1343; x_wconf 87' lang='lat' dir='ltr'>remittendi</span> <span class='ocrx_word' id='word_1_87' title='bbox 1059 1298 1093 1345; x_wconf 89' lang='lat' dir='ltr'>et</span> <span class='ocrx_word' id='word_1_88' title='bbox 1115 1295 1299 1356; x_wconf 88' lang='lat' dir='ltr'>retinendi:</span> <span class='ocrx_word' id='word_1_89' title='bbox 1320 1296 1371 1358; x_wconf 53' lang='grc' dir='ltr'>Μ’</span> 
     </span>
     <span class='ocr_line' id='line_1_12' title="bbox 294 1363 1356 1450; baseline 0.01 -18"><span class='ocrx_word' id='word_1_90' title='bbox 294 1371 430 1433; x_wconf 88' lang='lat' dir='ltr'>officium</span> <span class='ocrx_word' id='word_1_91' title='bbox 459 1378 576 1428; x_wconf 90' lang='lat' dir='ltr'>tantum</span> <span class='ocrx_word' id='word_1_92' title='bbox 595 1377 625 1424; x_wconf 92' lang='lat' dir='ltr'>et</span> <span class='ocrx_word' id='word_1_93' title='bbox 649 1363 766 1423; x_wconf 88' lang='lat' dir='ltr'>nudum</span> <span class='ocrx_word' id='word_1_94' title='bbox 786 1368 986 1427; x_wconf 89' lang='lat' dir='ltr'>ministerium</span> <span class='ocrx_word' id='word_1_95' title='bbox 1000 1371 1212 1450; x_wconf 86' lang='lat' dir='ltr'>praedicandi</span> <span class='ocrx_word' id='word_1_96' title='bbox 1234 1381 1356 1442; x_wconf 68' lang='lat' dir='ltr'>Evanve·</span> 
     </span>
     <span class='ocr_line' id='line_1_13' title="bbox 294 1430 1355 1534; baseline 0.012 -18"><span class='ocrx_word' id='word_1_97' title='bbox 294 1457 386 1516; x_wconf 82' lang='lat' dir='ltr'>lium:</span> <span class='ocrx_word' id='word_1_98' title='bbox 420 1451 469 1512; x_wconf 84' lang='lat' dir='ltr'>vel</span> <span class='ocrx_word' id='word_1_99' title='bbox 497 1471 568 1525; x_wconf 92' lang='lat' dir='ltr'>eos,</span> <span class='ocrx_word' id='word_1_100' title='bbox 605 1450 658 1529; x_wconf 91' lang='lat' dir='ltr'>qui</span> <span class='ocrx_word' id='word_1_101' title='bbox 686 1469 749 1508; x_wconf 90' lang='lat' dir='ltr'>non</span> <span class='ocrx_word' id='word_1_102' title='bbox 773 1451 968 1531; x_wconf 82' lang='lat' dir='ltr'>praedicant,</span> <span class='ocrx_word' id='word_1_103' title='bbox 997 1474 1132 1534; x_wconf 88' lang='lat' dir='ltr'>prorsus</span> <span class='ocrx_word' id='word_1_104' title='bbox 1149 1480 1218 1521; x_wconf 92' lang='lat' dir='ltr'>non</span> <span class='ocrx_word' id='word_1_105' title='bbox 1236 1430 1355 1527; x_wconf 65' lang='lat' dir='ltr'>esseis</span> 
     </span>
     <span class='ocr_line' id='line_1_14' title="bbox 118 1533 1354 1632; baseline 0.012 -40"><span class='ocrx_word' id='word_1_106' title='bbox 118 1549 230 1610; x_wconf 60' lang='lat' dir='ltr'>optim</span> <span class='ocrx_word' id='word_1_107' title='bbox 249 1541 451 1614; x_wconf 75' lang='lat' dir='ltr'>di-ccrdotes,</span> <span class='ocrx_word' id='word_1_108' title='bbox 472 1533 631 1595; x_wconf 88' lang='lat' dir='ltr'>anathema</span> <span class='ocrx_word' id='word_1_109' title='bbox 654 1534 702 1592; x_wconf 91' lang='lat' dir='ltr'>sit.</span> <span class='ocrx_word' id='word_1_110' title='bbox 745 1533 887 1594; x_wconf 74' lang='lat' dir='ltr'>CANON</span> <span class='ocrx_word' id='word_1_111' title='bbox 915 1551 961 1602; x_wconf 69' lang='lat'>2:</span> <span class='ocrx_word' id='word_1_112' title='bbox 981 1536 1013 1596; x_wconf 89' lang='lat' dir='ltr'>Si</span> <span class='ocrx_word' id='word_1_113' title='bbox 1037 1543 1110 1618; x_wconf 90' lang='lat' dir='ltr'>quis</span> <span class='ocrx_word' id='word_1_114' title='bbox 1130 1542 1259 1625; x_wconf 79' lang='lat' dir='ltr'>dixerit,</span> <span class='ocrx_word' id='word_1_115' title='bbox 1287 1573 1354 1632; x_wconf 71' lang='lat' dir='ltr'>prr·</span> 
     </span>
     <span class='ocr_line' id='line_1_15' title="bbox 115 1603 1373 1713; baseline 0.006 -23"><span class='ocrx_word' id='word_1_116' title='bbox 115 1603 282 1705; x_wconf 46' lang='lat' dir='ltr'>{idemtitas</span> <span class='ocrx_word' id='word_1_117' title='bbox 294 1638 342 1685; x_wconf 87' lang='lat' dir='ltr'>ter</span> <span class='ocrx_word' id='word_1_118' title='bbox 366 1620 571 1684; x_wconf 84' lang='lat' dir='ltr'>sacerdotium</span> <span class='ocrx_word' id='word_1_119' title='bbox 597 1639 659 1679; x_wconf 90' lang='lat' dir='ltr'>non</span> <span class='ocrx_word' id='word_1_120' title='bbox 688 1638 752 1677; x_wconf 87' lang='lat' dir='ltr'>esse</span> <span class='ocrx_word' id='word_1_121' title='bbox 774 1620 806 1677; x_wconf 90' lang='lat' dir='ltr'>in</span> <span class='ocrx_word' id='word_1_122' title='bbox 836 1619 972 1680; x_wconf 84' lang='lat' dir='ltr'>Ecclesia</span> <span class='ocrx_word' id='word_1_123' title='bbox 992 1622 1157 1686; x_wconf 86' lang='lat' dir='ltr'>Catholica</span> <span class='ocrx_word' id='word_1_124' title='bbox 1183 1631 1263 1693; x_wconf 87' lang='lat' dir='ltr'>alios</span> <span class='ocrx_word' id='word_1_125' title='bbox 1284 1637 1373 1713; x_wconf 85' lang='lat' dir='ltr'>ordi·¹</span> 
     </span>
     <span class='ocr_line' id='line_1_16' title="bbox 116 1700 1374 1800; baseline 0.01 -33"><span class='ocrx_word' id='word_1_126' title='bbox 116 1700 146 1743; x_wconf 34' lang='grc' dir='ltr'>’ᾗ</span> <span class='ocrx_word' id='word_1_127' title='bbox 293 1730 347 1768; x_wconf 89' lang='lat' dir='ltr'>nes</span> <span class='ocrx_word' id='word_1_128' title='bbox 370 1723 402 1769; x_wconf 88' lang='lat' dir='ltr'>et</span> <span class='ocrx_word' id='word_1_129' title='bbox 434 1707 567 1785; x_wconf 89' lang='lat' dir='ltr'>majores</span> <span class='ocrx_word' id='word_1_130' title='bbox 598 1714 628 1761; x_wconf 89' lang='lat' dir='ltr'>et</span> <span class='ocrx_word' id='word_1_131' title='bbox 663 1703 811 1779; x_wconf 89' lang='lat' dir='ltr'>minores,</span> <span class='ocrx_word' id='word_1_132' title='bbox 843 1725 900 1787; x_wconf 88' lang='lat' dir='ltr'>per</span> <span class='ocrx_word' id='word_1_133' title='bbox 921 1725 1020 1786; x_wconf 90' lang='lat' dir='ltr'>quos,</span> <span class='ocrx_word' id='word_1_134' title='bbox 1052 1709 1159 1770; x_wconf 84' lang='lat' dir='ltr'>velut·</span> <span class='ocrx_word' id='word_1_135' title='bbox 1173 1736 1233 1797; x_wconf 84' lang='lat' dir='ltr'>per</span> <span class='ocrx_word' id='word_1_136' title='bbox 1251 1721 1374 1800; x_wconf 77' lang='lat' dir='ltr'>gradus&#39;</span> 
     </span>
     <span class='ocr_line' id='line_1_17' title="bbox 293 1786 1379 1875; baseline 0.012 -23"><span class='ocrx_word' id='word_1_137' title='bbox 293 1793 443 1875; x_wconf 89' lang='lat' dir='ltr'>quosdam</span> <span class='ocrx_word' id='word_1_138' title='bbox 467 1793 500 1848; x_wconf 91' lang='lat' dir='ltr'>in</span> <span class='ocrx_word' id='word_1_139' title='bbox 532 1786 736 1847; x_wconf 84' lang='lat' dir='ltr'>sacerdotium</span> <span class='ocrx_word' id='word_1_140' title='bbox 765 1788 926 1864; x_wconf 86' lang='lat' dir='ltr'>tendatur,</span> <span class='ocrx_word' id='word_1_141' title='bbox 954 1789 1115 1854; x_wconf 81' lang='lat' dir='ltr'>anathema</span> <span class='ocrx_word' id='word_1_142' title='bbox 1130 1798 1182 1857; x_wconf 91' lang='lat' dir='ltr'>sit.</span> <span class='ocrx_word' id='word_1_143' title='bbox 1226 1802 1379 1864; x_wconf 76' lang='lat' dir='ltr'>CANOIl·</span> 
     </span>
     <span class='ocr_line' id='line_1_18' title="bbox 130 1871 1357 1956; baseline 0.015 -27"><span class='ocrx_word' id='word_1_144' title='bbox 130 1891 227 1943; x_wconf 62' lang='lat' dir='ltr'>Proprie</span> <span class='ocrx_word' id='word_1_145' title='bbox 241 1889 281 1929; x_wconf 54' lang='lat' dir='ltr'>sa</span> <span class='ocrx_word' id='word_1_146' title='bbox 292 1891 339 1944; x_wconf 78' lang='lat'>5.:</span> <span class='ocrx_word' id='word_1_147' title='bbox 365 1878 398 1935; x_wconf 90' lang='lat' dir='ltr'>Si</span> <span class='ocrx_word' id='word_1_148' title='bbox 423 1877 490 1956; x_wconf 88' lang='lat' dir='ltr'>quis</span> <span class='ocrx_word' id='word_1_149' title='bbox 516 1872 645 1945; x_wconf 85' lang='lat' dir='ltr'>dixerit,</span> <span class='ocrx_word' id='word_1_150' title='bbox 666 1871 805 1930; x_wconf 87' lang='lat' dir='ltr'>ordinem</span> <span class='ocrx_word' id='word_1_151' title='bbox 822 1875 884 1932; x_wconf 86' lang='lat' dir='ltr'>sive</span> <span class='ocrx_word' id='word_1_152' title='bbox 914 1895 1030 1934; x_wconf 87' lang='lat' dir='ltr'>sacram</span> <span class='ocrx_word' id='word_1_153' title='bbox 1050 1879 1279 1944; x_wconf 85' lang='lat' dir='ltr'>ordinationem</span> <span class='ocrx_word' id='word_1_154' title='bbox 1300 1908 1357 1948; x_wconf 89' lang='lat' dir='ltr'>non</span> 
     </span>
     <span class='ocr_line' id='line_1_19' title="bbox 114 1947 1357 2034; baseline 0 -5"><span class='ocrx_word' id='word_1_155' title='bbox 114 1947 280 2033; x_wconf 56' lang='lat' dir='ltr'>{iiilllliio</span> <span class='ocrx_word' id='word_1_156' title='bbox 292 1981 357 2018; x_wconf 81' lang='lat' dir='ltr'>esse</span> <span class='ocrx_word' id='word_1_157' title='bbox 390 1980 460 2018; x_wconf 84' lang='lat' dir='ltr'>vere</span> <span class='ocrx_word' id='word_1_158' title='bbox 496 1967 526 2017; x_wconf 86' lang='lat' dir='ltr'>et</span> <span class='ocrx_word' id='word_1_159' title='bbox 548 1955 679 2034; x_wconf 89' lang='lat' dir='ltr'>proprie</span> <span class='ocrx_word' id='word_1_160' title='bbox 711 1971 947 2033; x_wconf 90' lang='lat' dir='ltr'>sacramentum,</span> <span class='ocrx_word' id='word_1_161' title='bbox 972 1980 990 2017; x_wconf 95' lang='lat' dir='ltr'>a</span> <span class='ocrx_word' id='word_1_162' title='bbox 1014 1949 1138 2024; x_wconf 84' lang='lat' dir='ltr'>Christo</span> <span class='ocrx_word' id='word_1_163' title='bbox 1156 1967 1291 2027; x_wconf 87' lang='lat' dir='ltr'>Domino</span> <span class='ocrx_word' id='word_1_164' title='bbox 1309 1973 1357 2029; x_wconf 90' lang='lat' dir='ltr'>in·</span> 
     </span>
     <span class='ocr_line' id='line_1_20' title="bbox 114 2033 1355 2134; baseline 0.002 -35"><span class='ocrx_word' id='word_1_165' title='bbox 114 2052 189 2084; x_wconf 71' lang='lat'>“⁰³⁸-</span> <span class='ocrx_word' id='word_1_166' title='bbox 289 2045 449 2116; x_wconf 89' lang='lat' dir='ltr'>stitutum,</span> <span class='ocrx_word' id='word_1_167' title='bbox 468 2038 517 2096; x_wconf 80' lang='lat' dir='ltr'>vel</span> <span class='ocrx_word' id='word_1_168' title='bbox 543 2056 606 2095; x_wconf 93' lang='lat' dir='ltr'>esse</span> <span class='ocrx_word' id='word_1_169' title='bbox 627 2033 805 2117; x_wconf 79' lang='lat' dir='ltr'>figmentum</span> <span class='ocrx_word' id='word_1_170' title='bbox 826 2042 984 2119; x_wconf 87' lang='lat' dir='ltr'>quoddam</span> <span class='ocrx_word' id='word_1_171' title='bbox 1010 2043 1192 2120; x_wconf 75' lang='lat' dir='ltr'>humanum,</span> <span class='ocrx_word' id='word_1_172' title='bbox 1229 2057 1355 2134; x_wconf 63' lang='lat'>210051&#39;.</span> 
     </span>
     <span class='ocr_line' id='line_1_21' title="bbox 286 2120 1349 2213; baseline 0.007 -26"><span class='ocrx_word' id='word_1_173' title='bbox 286 2139 384 2187; x_wconf 87' lang='lat' dir='ltr'>tatum</span> <span class='ocrx_word' id='word_1_174' title='bbox 419 2147 437 2186; x_wconf 86' lang='lat' dir='ltr'>a</span> <span class='ocrx_word' id='word_1_175' title='bbox 468 2124 539 2181; x_wconf 81' lang='lat' dir='ltr'>viris</span> <span class='ocrx_word' id='word_1_176' title='bbox 569 2139 672 2178; x_wconf 88' lang='lat' dir='ltr'>rerum</span> <span class='ocrx_word' id='word_1_177' title='bbox 701 2120 970 2183; x_wconf 83' lang='lat' dir='ltr'>ecclesiasticarum</span> <span class='ocrx_word' id='word_1_178' title='bbox 995 2131 1151 2213; x_wconf 81' lang='lat' dir='ltr'>imperitis,</span> <span class='ocrx_word' id='word_1_179' title='bbox 1195 2145 1249 2192; x_wconf 88' lang='lat' dir='ltr'>aut</span> <span class='ocrx_word' id='word_1_180' title='bbox 1282 2155 1349 2195; x_wconf 81' lang='lat' dir='ltr'>esse</span> 
     </span>
     <span class='ocr_line' id='line_1_22' title="bbox 286 2204 1350 2287; baseline 0.008 -16"><span class='ocrx_word' id='word_1_181' title='bbox 286 2223 405 2272; x_wconf 88' lang='lat' dir='ltr'>tantum</span> <span class='ocrx_word' id='word_1_182' title='bbox 433 2211 527 2270; x_wconf 89' lang='lat' dir='ltr'>ritum</span> <span class='ocrx_word' id='word_1_183' title='bbox 555 2205 716 2286; x_wconf 87' lang='lat' dir='ltr'>quemdam</span> <span class='ocrx_word' id='word_1_184' title='bbox 737 2204 866 2287; x_wconf 77' lang='lat' dir='ltr'>eligendi</span> <span class='ocrx_word' id='word_1_185' title='bbox 890 2212 1046 2274; x_wconf 86' lang='lat' dir='ltr'>ministros</span> <span class='ocrx_word' id='word_1_186' title='bbox 1062 2213 1141 2274; x_wconf 79' lang='lat' dir='ltr'>veihi</span> <span class='ocrx_word' id='word_1_187' title='bbox 1159 2215 1220 2275; x_wconf 89' lang='lat' dir='ltr'>Dei</span> <span class='ocrx_word' id='word_1_188' title='bbox 1236 2229 1267 2276; x_wconf 89' lang='lat' dir='ltr'>et</span> <span class='ocrx_word' id='word_1_189' title='bbox 1297 2239 1350 2279; x_wconf 89' lang='lat' dir='ltr'>sa-</span> 
     </span>
     <span class='ocr_line' id='line_1_23' title="bbox 109 2289 1350 2381; baseline 0.005 -23"><span class='ocrx_word' id='word_1_190' title='bbox 109 2320 222 2364; x_wconf 68' lang='lat' dir='ltr'>meu..</span> <span class='ocrx_word' id='word_1_191' title='bbox 287 2308 528 2370; x_wconf 74' lang='lat' dir='ltr'>crementorum,</span> <span class='ocrx_word' id='word_1_192' title='bbox 560 2289 719 2350; x_wconf 89' lang='lat' dir='ltr'>anathema</span> <span class='ocrx_word' id='word_1_193' title='bbox 750 2292 800 2353; x_wconf 86' lang='lat' dir='ltr'>sit.</span> <span class='ocrx_word' id='word_1_194' title='bbox 843 2290 985 2355; x_wconf 83' lang='lat' dir='ltr'><strong>CANON</strong></span> <span class='ocrx_word' id='word_1_195' title='bbox 1005 2312 1056 2366; x_wconf 86' lang='lat'>4.:</span> <span class='ocrx_word' id='word_1_196' title='bbox 1095 2299 1128 2360; x_wconf 86' lang='lat' dir='ltr'>Si</span> <span class='ocrx_word' id='word_1_197' title='bbox 1147 2302 1217 2381; x_wconf 88' lang='lat' dir='ltr'>quis</span> <span class='ocrx_word' id='word_1_198' title='bbox 1240 2301 1350 2367; x_wconf 85' lang='lat' dir='ltr'>dixerit</span> 
     </span>
     <span class='ocr_line' id='line_1_24' title="bbox 284 2375 1347 2466; baseline 0.007 -24"><span class='ocrx_word' id='word_1_199' title='bbox 284 2403 342 2466; x_wconf 90' lang='lat' dir='ltr'>per</span> <span class='ocrx_word' id='word_1_200' title='bbox 371 2402 486 2442; x_wconf 86' lang='lat' dir='ltr'>sacram</span> <span class='ocrx_word' id='word_1_201' title='bbox 512 2375 737 2437; x_wconf 88' lang='lat' dir='ltr'>ordinationem</span> <span class='ocrx_word' id='word_1_202' title='bbox 764 2396 830 2436; x_wconf 91' lang='lat' dir='ltr'>non</span> <span class='ocrx_word' id='word_1_203' title='bbox 853 2377 920 2437; x_wconf 91' lang='lat' dir='ltr'>dari</span> <span class='ocrx_word' id='word_1_204' title='bbox 951 2385 1096 2463; x_wconf 89' lang='lat' dir='ltr'>spiritum</span> <span class='ocrx_word' id='word_1_205' title='bbox 1128 2398 1285 2464; x_wconf 84' lang='lat' dir='ltr'>sanctum,</span> <span class='ocrx_word' id='word_1_206' title='bbox 1316 2409 1347 2449; x_wconf 87' lang='lat' dir='ltr'>ae</span> 
     </span>
     <span class='ocr_line' id='line_1_25' title="bbox 112 2459 1337 2549; baseline 0.016 -35"><span class='ocrx_word' id='word_1_207' title='bbox 112 2478 243 2521; x_wconf 57' lang='lat' dir='ltr'>mareson</span> <span class='ocrx_word' id='word_1_208' title='bbox 282 2468 415 2549; x_wconf 77' lang='lat' dir='ltr'>proinde</span> <span class='ocrx_word' id='word_1_209' title='bbox 430 2466 547 2530; x_wconf 82' lang='lat' dir='ltr'>frustra</span> <span class='ocrx_word' id='word_1_210' title='bbox 559 2461 729 2542; x_wconf 86' lang='lat' dir='ltr'>Episcopus</span> <span class='ocrx_word' id='word_1_211' title='bbox 740 2459 857 2521; x_wconf 87' lang='lat' dir='ltr'>dicere:</span> <span class='ocrx_word' id='word_1_212' title='bbox 877 2463 1017 2546; x_wconf 87' lang='lat' dir='ltr'>Accipite</span> <span class='ocrx_word' id='word_1_213' title='bbox 1030 2468 1184 2547; x_wconf 88' lang='lat' dir='ltr'>Spiritum</span> <span class='ocrx_word' id='word_1_214' title='bbox 1194 2486 1337 2532; x_wconf 81' lang='lat' dir='ltr'>sanctuni:</span> 
     </span>
     <span class='ocr_line' id='line_1_26' title="bbox 284 2543 1336 2635; baseline 0.007 -25"><span class='ocrx_word' id='word_1_215' title='bbox 284 2565 339 2611; x_wconf 90' lang='lat' dir='ltr'>aut</span> <span class='ocrx_word' id='word_1_216' title='bbox 350 2573 407 2634; x_wconf 91' lang='lat' dir='ltr'>per</span> <span class='ocrx_word' id='word_1_217' title='bbox 420 2571 484 2611; x_wconf 91' lang='lat' dir='ltr'>eam</span> <span class='ocrx_word' id='word_1_218' title='bbox 497 2567 558 2607; x_wconf 92' lang='lat' dir='ltr'>non</span> <span class='ocrx_word' id='word_1_219' title='bbox 571 2547 705 2627; x_wconf 89' lang='lat' dir='ltr'>imprimi</span> <span class='ocrx_word' id='word_1_220' title='bbox 724 2543 947 2607; x_wconf 82' lang='lat' dir='ltr'>characterem:</span> <span class='ocrx_word' id='word_1_221' title='bbox 974 2550 1020 2609; x_wconf 90' lang='lat' dir='ltr'>vel</span> <span class='ocrx_word' id='word_1_222' title='bbox 1039 2572 1121 2630; x_wconf 88' lang='lat' dir='ltr'>eum,</span> <span class='ocrx_word' id='word_1_223' title='bbox 1134 2559 1193 2635; x_wconf 91' lang='lat' dir='ltr'>qui</span> <span class='ocrx_word' id='word_1_224' title='bbox 1212 2558 1336 2616; x_wconf 81' lang='lat' dir='ltr'>sacerdes</span> 
     </span>
     <span class='ocr_line' id='line_1_27' title="bbox 107 2629 1339 2720; baseline 0.006 -28"><span class='ocrx_word' id='word_1_225' title='bbox 107 2636 375 2720; x_wconf 53' lang='lat' dir='ltr'>⁰¹⁶ffit⁸⁸2¹33semel</span> <span class='ocrx_word' id='word_1_226' title='bbox 411 2636 520 2708; x_wconf 86' lang='lat' dir='ltr'>fucrit,</span> <span class='ocrx_word' id='word_1_227' title='bbox 559 2631 683 2689; x_wconf 89' lang='lat' dir='ltr'>Laicum</span> <span class='ocrx_word' id='word_1_228' title='bbox 722 2651 830 2690; x_wconf 89' lang='lat' dir='ltr'>rursus</span> <span class='ocrx_word' id='word_1_229' title='bbox 865 2629 932 2692; x_wconf 87' lang='lat' dir='ltr'>lieri</span> <span class='ocrx_word' id='word_1_230' title='bbox 972 2655 1085 2715; x_wconf 90' lang='lat' dir='ltr'>posse,</span> <span class='ocrx_word' id='word_1_231' title='bbox 1123 2640 1285 2702; x_wconf 89' lang='lat' dir='ltr'>anathema</span> <span class='ocrx_word' id='word_1_232' title='bbox 1304 2645 1339 2702; x_wconf 84' lang='lat' dir='ltr'>sit.</span> 
     </span>
     <span class='ocr_line' id='line_1_28' title="bbox 110 2699 1342 2808; baseline 0.011 -35"><span class='ocrx_word' id='word_1_233' title='bbox 110 2699 256 2792; x_wconf 57' lang='lat' dir='ltr'>ililaiinio</span> <span class='ocrx_word' id='word_1_234' title='bbox 287 2718 426 2778; x_wconf 84' lang='lat' dir='ltr'>CANON</span> <span class='ocrx_word' id='word_1_235' title='bbox 451 2733 500 2784; x_wconf 84' lang='lat'>5.:</span> <span class='ocrx_word' id='word_1_236' title='bbox 533 2715 566 2774; x_wconf 92' lang='lat' dir='ltr'>Si</span> <span class='ocrx_word' id='word_1_237' title='bbox 594 2715 664 2794; x_wconf 91' lang='lat' dir='ltr'>quis</span> <span class='ocrx_word' id='word_1_238' title='bbox 693 2713 948 2790; x_wconf 61' lang='lat' dir='ltr'>dixerit-sacram</span> <span class='ocrx_word' id='word_1_239' title='bbox 970 2723 1177 2801; x_wconf 88' lang='lat' dir='ltr'>unctionem,</span> <span class='ocrx_word' id='word_1_240' title='bbox 1211 2749 1272 2808; x_wconf 87' lang='lat' dir='ltr'>qua</span> <span class='ocrx_word' id='word_1_241' title='bbox 1292 2728 1342 2785; x_wconf 80' lang='lat' dir='ltr'>Ec·</span> 
     </span>
    </p>
   </div>
   <div class='ocr_carea' id='block_1_5' title="bbox 98 2785 1382 4239">
    <p class='ocr_par' dir='ltr' id='par_1_5' title="bbox 105 2785 1382 3310">
     <span class='ocr_line' id='line_1_29' title="bbox 112 2785 1341 2892; baseline 0.009 -34"><span class='ocrx_word' id='word_1_242' title='bbox 112 2785 240 2826; x_wconf 55' lang='lat' dir='ltr'>“dmm</span> <span class='ocrx_word' id='word_1_243' title='bbox 285 2803 375 2862; x_wconf 90' lang='lat' dir='ltr'>clesia</span> <span class='ocrx_word' id='word_1_244' title='bbox 402 2804 433 2862; x_wconf 91' lang='lat' dir='ltr'>in</span> <span class='ocrx_word' id='word_1_245' title='bbox 456 2812 540 2860; x_wconf 84' lang='lat' dir='ltr'>santa</span> <span class='ocrx_word' id='word_1_246' title='bbox 559 2799 751 2858; x_wconf 90' lang='lat' dir='ltr'>ordinatione</span> <span class='ocrx_word' id='word_1_247' title='bbox 765 2802 885 2876; x_wconf 86' lang='lat' dir='ltr'>utitur,</span> <span class='ocrx_word' id='word_1_248' title='bbox 912 2824 973 2862; x_wconf 92' lang='lat' dir='ltr'>non</span> <span class='ocrx_word' id='word_1_249' title='bbox 993 2814 1114 2864; x_wconf 89' lang='lat' dir='ltr'>tantum</span> <span class='ocrx_word' id='word_1_250' title='bbox 1134 2830 1202 2869; x_wconf 92' lang='lat' dir='ltr'>non</span> <span class='ocrx_word' id='word_1_251' title='bbox 1230 2813 1341 2892; x_wconf 88' lang='lat' dir='ltr'>requiri,</span> 
     </span>
     <span class='ocr_line' id='line_1_30' title="bbox 108 2872 1343 2964; baseline 0.009 -22"><span class='ocrx_word' id='word_1_252' title='bbox 108 2872 250 2964; x_wconf 57' lang='lat' dir='ltr'>„iffssf‘m</span> <span class='ocrx_word' id='word_1_253' title='bbox 283 2888 336 2947; x_wconf 91' lang='lat' dir='ltr'>sed</span> <span class='ocrx_word' id='word_1_254' title='bbox 355 2883 605 2946; x_wconf 87' lang='lat' dir='ltr'>contemnendam</span> <span class='ocrx_word' id='word_1_255' title='bbox 639 2895 669 2943; x_wconf 91' lang='lat' dir='ltr'>et</span> <span class='ocrx_word' id='word_1_256' title='bbox 691 2885 893 2964; x_wconf 83' lang='lat' dir='ltr'>perniciosam</span> <span class='ocrx_word' id='word_1_257' title='bbox 909 2908 973 2946; x_wconf 88' lang='lat' dir='ltr'>esse</span> <span class='ocrx_word' id='word_1_258' title='bbox 992 2890 1136 2950; x_wconf 87' lang='lat' dir='ltr'>similiter</span> <span class='ocrx_word' id='word_1_259' title='bbox 1159 2908 1192 2954; x_wconf 91' lang='lat' dir='ltr'>et</span> <span class='ocrx_word' id='word_1_260' title='bbox 1208 2896 1280 2956; x_wconf 89' lang='lat' dir='ltr'>alias</span> <span class='ocrx_word' id='word_1_261' title='bbox 1298 2917 1343 2955; x_wconf 89' lang='lat' dir='ltr'>or·</span> 
     </span>
     <span class='ocr_line' id='line_1_31' title="bbox 283 2966 1341 3062; baseline 0.009 -31"><span class='ocrx_word' id='word_1_262' title='bbox 283 2973 363 3032; x_wconf 91' lang='lat' dir='ltr'>diuis</span> <span class='ocrx_word' id='word_1_263' title='bbox 391 2970 618 3039; x_wconf 87' lang='lat' dir='ltr'>caeremonias,</span> <span class='ocrx_word' id='word_1_264' title='bbox 649 2966 806 3026; x_wconf 86' lang='lat' dir='ltr'>anathema</span> <span class='ocrx_word' id='word_1_265' title='bbox 822 2970 870 3028; x_wconf 91' lang='lat' dir='ltr'>sit.</span> <span class='ocrx_word' id='word_1_266' title='bbox 915 2970 1054 3031; x_wconf 79' lang='lat' dir='ltr'><strong>CANON</strong></span> <span class='ocrx_word' id='word_1_267' title='bbox 1075 2988 1123 3041; x_wconf 83' lang='lat'>6.:</span> <span class='ocrx_word' id='word_1_268' title='bbox 1151 2979 1187 3038; x_wconf 89' lang='lat' dir='ltr'>Si</span> <span class='ocrx_word' id='word_1_269' title='bbox 1220 2984 1286 3062; x_wconf 91' lang='lat' dir='ltr'>quis</span> <span class='ocrx_word' id='word_1_270' title='bbox 1302 2980 1341 3039; x_wconf 90' lang='lat' dir='ltr'>di-</span> 
     </span>
     <span class='ocr_line' id='line_1_32' title="bbox 281 3049 1339 3134; baseline 0.007 -19"><span class='ocrx_word' id='word_1_271' title='bbox 281 3059 366 3134; x_wconf 82' lang='lat' dir='ltr'>xerit,</span> <span class='ocrx_word' id='word_1_272' title='bbox 381 3058 412 3115; x_wconf 91' lang='lat' dir='ltr'>in</span> <span class='ocrx_word' id='word_1_273' title='bbox 427 3054 563 3114; x_wconf 86' lang='lat' dir='ltr'>Ecclesia</span> <span class='ocrx_word' id='word_1_274' title='bbox 579 3049 735 3111; x_wconf 89' lang='lat' dir='ltr'>Catholica</span> <span class='ocrx_word' id='word_1_275' title='bbox 767 3072 829 3110; x_wconf 91' lang='lat' dir='ltr'>non</span> <span class='ocrx_word' id='word_1_276' title='bbox 857 3073 920 3113; x_wconf 91' lang='lat' dir='ltr'>esse</span> <span class='ocrx_word' id='word_1_277' title='bbox 942 3055 1148 3120; x_wconf 87' lang='lat' dir='ltr'>hierarchiam</span> <span class='ocrx_word' id='word_1_278' title='bbox 1178 3063 1278 3124; x_wconf 84' lang='lat' dir='ltr'>divina</span> <span class='ocrx_word' id='word_1_279' title='bbox 1295 3086 1339 3125; x_wconf 87' lang='lat' dir='ltr'>or-</span> 
     </span>
     <span class='ocr_line' id='line_1_33' title="bbox 120 3134 1382 3232; baseline 0.022 -48"><span class='ocrx_word' id='word_1_280' title='bbox 120 3138 256 3232; x_wconf 55' lang='lat' dir='ltr'>uprqqffij</span> <span class='ocrx_word' id='word_1_281' title='bbox 283 3143 434 3202; x_wconf 89' lang='lat' dir='ltr'>dinatione</span> <span class='ocrx_word' id='word_1_282' title='bbox 450 3141 638 3211; x_wconf 86' lang='lat' dir='ltr'>institutam,</span> <span class='ocrx_word' id='word_1_283' title='bbox 658 3157 736 3217; x_wconf 86' lang='lat' dir='ltr'>quae</span> <span class='ocrx_word' id='word_1_284' title='bbox 750 3148 868 3195; x_wconf 88' lang='lat' dir='ltr'>constat</span> <span class='ocrx_word' id='word_1_285' title='bbox 892 3160 927 3197; x_wconf 92' lang='lat' dir='ltr'>ex</span> <span class='ocrx_word' id='word_1_286' title='bbox 942 3140 1127 3223; x_wconf 90' lang='lat' dir='ltr'>Episcopis,</span> <span class='ocrx_word' id='word_1_287' title='bbox 1149 3148 1336 3227; x_wconf 85' lang='lat' dir='ltr'>presbyteris,</span> <span class='ocrx_word' id='word_1_288' title='bbox 1378 3134 1382 3173; x_wconf 67' lang='lat' dir='ltr'>l</span> 
     </span>
     <span class='ocr_line' id='line_1_34' title="bbox 105 3205 1334 3310; baseline 0.008 -29"><span class='ocrx_word' id='word_1_289' title='bbox 105 3205 182 3284; x_wconf 51' lang='grc' dir='ltr'>ἵζω</span> <span class='ocrx_word' id='word_1_290' title='bbox 281 3239 311 3286; x_wconf 91' lang='lat' dir='ltr'>et</span> <span class='ocrx_word' id='word_1_291' title='bbox 336 3226 492 3300; x_wconf 86' lang='lat' dir='ltr'>ministris,</span> <span class='ocrx_word' id='word_1_292' title='bbox 521 3220 679 3283; x_wconf 87' lang='lat' dir='ltr'>anathema</span> <span class='ocrx_word' id='word_1_293' title='bbox 706 3222 754 3279; x_wconf 87' lang='lat' dir='ltr'>sit.</span> <span class='ocrx_word' id='word_1_294' title='bbox 806 3220 945 3284; x_wconf 87' lang='lat' dir='ltr'><strong>CANON</strong></span> <span class='ocrx_word' id='word_1_295' title='bbox 975 3238 1023 3291; x_wconf 61' lang='lat'>2:</span> <span class='ocrx_word' id='word_1_296' title='bbox 1061 3227 1095 3285; x_wconf 83' lang='lat' dir='ltr'>si</span> <span class='ocrx_word' id='word_1_297' title='bbox 1127 3234 1203 3310; x_wconf 91' lang='lat' dir='ltr'>quis</span> <span class='ocrx_word' id='word_1_298' title='bbox 1227 3235 1334 3309; x_wconf 85' lang='lat' dir='ltr'>dixerit,</span> 
     </span>
    </p>

    <p class='ocr_par' dir='ltr' id='par_1_6' title="bbox 105 3303 1359 3555">
     <span class='ocr_line' id='line_1_35' title="bbox 164 3303 1359 3392; baseline 0.013 -30"><span class='ocrx_word' id='word_1_299' title='bbox 164 3374 169 3383; x_wconf 33' lang='grc' dir='ltr'>Ι</span> <span class='ocrx_word' id='word_1_300' title='bbox 229 3370 235 3381; x_wconf 49' lang='lat'>‚</span> <span class='ocrx_word' id='word_1_301' title='bbox 280 3309 455 3392; x_wconf 86' lang='lat' dir='ltr'>Episcopus</span> <span class='ocrx_word' id='word_1_302' title='bbox 476 3329 539 3368; x_wconf 90' lang='lat' dir='ltr'>nou</span> <span class='ocrx_word' id='word_1_303' title='bbox 561 3326 625 3365; x_wconf 91' lang='lat' dir='ltr'>csse</span> <span class='ocrx_word' id='word_1_304' title='bbox 651 3303 836 3386; x_wconf 87' lang='lat' dir='ltr'>presbyteris</span> <span class='ocrx_word' id='word_1_305' title='bbox 857 3309 1052 3389; x_wconf 79' lang='lat' dir='ltr'>superiores,</span> <span class='ocrx_word' id='word_1_306' title='bbox 1075 3313 1126 3371; x_wconf 80' lang='lat' dir='ltr'>rel</span> <span class='ocrx_word' id='word_1_307' title='bbox 1141 3335 1211 3376; x_wconf 91' lang='lat' dir='ltr'>non</span> <span class='ocrx_word' id='word_1_308' title='bbox 1234 3317 1359 3379; x_wconf 84' lang='lat' dir='ltr'>hahere&#39;</span> 
     </span>
     <span class='ocr_line' id='line_1_36' title="bbox 106 3377 1336 3484; baseline 0.012 -38"><span class='ocrx_word' id='word_1_309' title='bbox 106 3377 248 3478; x_wconf 52' lang='grc' dir='ltr'>μξξῇζὶἶῖῗ,</span> <span class='ocrx_word' id='word_1_310' title='bbox 278 3406 456 3477; x_wconf 88' lang='lat' dir='ltr'>potestatem</span> <span class='ocrx_word' id='word_1_311' title='bbox 483 3388 684 3453; x_wconf 90' lang='lat' dir='ltr'>confirmandi</span> <span class='ocrx_word' id='word_1_312' title='bbox 716 3399 746 3446; x_wconf 90' lang='lat' dir='ltr'>et</span> <span class='ocrx_word' id='word_1_313' title='bbox 778 3390 960 3451; x_wconf 81' lang='lat' dir='ltr'>ordinandi:</span> <span class='ocrx_word' id='word_1_314' title='bbox 1003 3394 1050 3452; x_wconf 89' lang='lat' dir='ltr'>vel</span> <span class='ocrx_word' id='word_1_315' title='bbox 1058 3415 1148 3473; x_wconf 86' lang='lat' dir='ltr'>eam,</span> <span class='ocrx_word' id='word_1_316' title='bbox 1180 3423 1274 3484; x_wconf 88' lang='lat' dir='ltr'>qnam</span> <span class='ocrx_word' id='word_1_317' title='bbox 1289 3402 1336 3463; x_wconf 89' lang='lat' dir='ltr'>ha·</span> 
     </span>
     <span class='ocr_line' id='line_1_37' title="bbox 105 3472 1335 3555; baseline 0.018 -31"><span class='ocrx_word' id='word_1_318' title='bbox 105 3475 244 3525; x_wconf 63' lang='lat' dir='ltr'>„perrone</span> <span class='ocrx_word' id='word_1_319' title='bbox 269 3479 370 3554; x_wconf 70' lang='lat' dir='ltr'>henr,</span> <span class='ocrx_word' id='word_1_320' title='bbox 392 3477 451 3536; x_wconf 91' lang='lat' dir='ltr'>illis</span> <span class='ocrx_word' id='word_1_321' title='bbox 478 3495 541 3535; x_wconf 88' lang='lat' dir='ltr'>esse</span> <span class='ocrx_word' id='word_1_322' title='bbox 564 3472 836 3555; x_wconf 82' lang='lat' dir='ltr'>compresbyteris</span> <span class='ocrx_word' id='word_1_323' title='bbox 861 3497 1066 3538; x_wconf 86' lang='lat' dir='ltr'>communem:</span> <span class='ocrx_word' id='word_1_324' title='bbox 1086 3481 1136 3541; x_wconf 83' lang='lat' dir='ltr'>vel</span> <span class='ocrx_word' id='word_1_325' title='bbox 1159 3489 1284 3548; x_wconf 87' lang='lat' dir='ltr'>ordines</span> <span class='ocrx_word' id='word_1_326' title='bbox 1302 3483 1335 3546; x_wconf 77' lang='lat' dir='ltr'>alt</span> 
     </span>
    </p>

    <p class='ocr_par' dir='ltr' id='par_1_7' title="bbox 98 3555 1330 3817">
     <span class='ocr_line' id='line_1_38' title="bbox 276 3555 1330 3646; baseline 0.011 -23"><span class='ocrx_word' id='word_1_327' title='bbox 276 3564 349 3646; x_wconf 88' lang='lat' dir='ltr'>ipsis</span> <span class='ocrx_word' id='word_1_328' title='bbox 374 3560 502 3622; x_wconf 89' lang='lat' dir='ltr'>collatos</span> <span class='ocrx_word' id='word_1_329' title='bbox 533 3560 598 3618; x_wconf 87' lang='lat' dir='ltr'>sine</span> <span class='ocrx_word' id='word_1_330' title='bbox 620 3555 731 3640; x_wconf 88' lang='lat' dir='ltr'>populi</span> <span class='ocrx_word' id='word_1_331' title='bbox 753 3556 801 3616; x_wconf 82' lang='lat' dir='ltr'>vel</span> <span class='ocrx_word' id='word_1_332' title='bbox 822 3564 981 3642; x_wconf 84' lang='lat' dir='ltr'>potestatis</span> <span class='ocrx_word' id='word_1_333' title='bbox 1007 3565 1178 3629; x_wconf 90' lang='lat' dir='ltr'>saecularis</span> <span class='ocrx_word' id='word_1_334' title='bbox 1194 3589 1330 3632; x_wconf 75' lang='lat' dir='ltr'>consensu</span> 
     </span>
     <span class='ocr_line' id='line_1_39' title="bbox 100 3645 1325 3727; baseline 0.013 -17"><span class='ocrx_word' id='word_1_335' title='bbox 100 3667 196 3727; x_wconf 70' lang='lat' dir='ltr'>Ilissi·</span> <span class='ocrx_word' id='word_1_336' title='bbox 216 3659 328 3706; x_wconf 65' lang='lat' dir='ltr'>»aeaut</span> <span class='ocrx_word' id='word_1_337' title='bbox 347 3648 527 3720; x_wconf 69' lang='lat' dir='ltr'>vocatione,</span> <span class='ocrx_word' id='word_1_338' title='bbox 562 3645 668 3703; x_wconf 67' lang='lat' dir='ltr'>irritos</span> <span class='ocrx_word' id='word_1_339' title='bbox 696 3662 777 3703; x_wconf 66' lang='grc' dir='ltr'>955θῖ</span> <span class='ocrx_word' id='word_1_340' title='bbox 800 3657 852 3703; x_wconf 67' lang='lat' dir='ltr'>flul</span> <span class='ocrx_word' id='word_1_341' title='bbox 871 3666 941 3722; x_wconf 68' lang='lat'>0⁰⁸5</span> <span class='ocrx_word' id='word_1_342' title='bbox 966 3648 1018 3727; x_wconf 69' lang='lat' dir='ltr'>qni</span> <span class='ocrx_word' id='word_1_343' title='bbox 1035 3669 1093 3708; x_wconf 66' lang='lat'>¹¹⁸⁰</span> <span class='ocrx_word' id='word_1_344' title='bbox 1111 3651 1155 3710; x_wconf 64' lang='lat' dir='ltr'>ab</span> <span class='ocrx_word' id='word_1_345' title='bbox 1181 3658 1325 3718; x_wconf 61' lang='grc' dir='ltr'><strong>θῦῡιθὸἰὸ·</strong></span> 
     </span>
     <span class='ocr_line' id='line_1_40' title="bbox 98 3719 1323 3817; baseline 0.011 -29"><span class='ocrx_word' id='word_1_346' title='bbox 98 3719 250 3811; x_wconf 48' lang='grc' dir='ltr'>ξιξζζξψοῑ*</span> <span class='ocrx_word' id='word_1_347' title='bbox 272 3733 332 3792; x_wconf 88' lang='lat' dir='ltr'>tica</span> <span class='ocrx_word' id='word_1_348' title='bbox 343 3744 373 3792; x_wconf 90' lang='lat' dir='ltr'>et</span> <span class='ocrx_word' id='word_1_349' title='bbox 382 3731 525 3790; x_wconf 88' lang='lat' dir='ltr'>canonica</span> <span class='ocrx_word' id='word_1_350' title='bbox 534 3737 684 3810; x_wconf 87' lang='lat' dir='ltr'>potestate</span> <span class='ocrx_word' id='word_1_351' title='bbox 696 3728 754 3786; x_wconf 87' lang='lat' dir='ltr'>rite</span> <span class='ocrx_word' id='word_1_352' title='bbox 777 3729 921 3806; x_wconf 81' lang='lat' dir='ltr'>ordinati,</span> <span class='ocrx_word' id='word_1_353' title='bbox 946 3751 1002 3790; x_wconf 90' lang='lat' dir='ltr'>nec</span> <span class='ocrx_word' id='word_1_354' title='bbox 1015 3735 1098 3792; x_wconf 91' lang='lat' dir='ltr'>missi</span> <span class='ocrx_word' id='word_1_355' title='bbox 1121 3754 1211 3817; x_wconf 90' lang='lat' dir='ltr'>sunt,</span> <span class='ocrx_word' id='word_1_356' title='bbox 1225 3739 1323 3803; x_wconf 80' lang='lat' dir='ltr'>sedili·</span> 
     </span>
    </p>

    <p class='ocr_par' dir='ltr' id='par_1_8' title="bbox 172 3803 1317 3896">
     <span class='ocr_line' id='line_1_41' title="bbox 172 3803 1317 3896; baseline 0.013 -22"><span class='ocrx_word' id='word_1_357' title='bbox 172 3803 184 3817; x_wconf 63' lang='lat'>⁴</span> <span class='ocrx_word' id='word_1_358' title='bbox 271 3818 354 3876; x_wconf 89' lang='lat' dir='ltr'>unde</span> <span class='ocrx_word' id='word_1_359' title='bbox 369 3817 503 3889; x_wconf 80' lang='lat' dir='ltr'>veniunt,</span> <span class='ocrx_word' id='word_1_360' title='bbox 523 3812 674 3895; x_wconf 82' lang='lat' dir='ltr'>legitimos</span> <span class='ocrx_word' id='word_1_361' title='bbox 687 3832 750 3872; x_wconf 92' lang='lat' dir='ltr'>esse</span> <span class='ocrx_word' id='word_1_362' title='bbox 761 3813 847 3872; x_wconf 87' lang='lat' dir='ltr'>verbi</span> <span class='ocrx_word' id='word_1_363' title='bbox 857 3826 886 3873; x_wconf 88' lang='lat' dir='ltr'>et</span> <span class='ocrx_word' id='word_1_364' title='bbox 900 3830 1159 3880; x_wconf 90' lang='lat' dir='ltr'>sacramentorum</span> <span class='ocrx_word' id='word_1_365' title='bbox 1173 3829 1317 3896; x_wconf 75' lang='lat' dir='ltr'>minisuoe,</span> 
     </span>
    </p>

    <p class='ocr_par' dir='ltr' id='par_1_9' title="bbox 269 3896 1359 4152">
     <span class='ocr_line' id='line_1_42' title="bbox 271 3896 1359 3993; baseline 0.006 -33"><span class='ocrx_word' id='word_1_366' title='bbox 271 3901 426 3962; x_wconf 84' lang='lat' dir='ltr'>anathema</span> <span class='ocrx_word' id='word_1_367' title='bbox 436 3902 482 3958; x_wconf 91' lang='lat' dir='ltr'>sit.</span> <span class='ocrx_word' id='word_1_368' title='bbox 512 3896 715 3963; x_wconf 65' lang='lat' dir='ltr'><strong>GANONa:</strong></span> <span class='ocrx_word' id='word_1_369' title='bbox 734 3897 766 3956; x_wconf 89' lang='lat' dir='ltr'>si</span> <span class='ocrx_word' id='word_1_370' title='bbox 778 3900 848 3977; x_wconf 91' lang='lat' dir='ltr'>quis</span> <span class='ocrx_word' id='word_1_371' title='bbox 859 3899 979 3973; x_wconf 88' lang='lat' dir='ltr'>dixerit,</span> <span class='ocrx_word' id='word_1_372' title='bbox 997 3900 1193 3986; x_wconf 82' lang='lat' dir='ltr'>Episcopus,</span> <span class='ocrx_word' id='word_1_373' title='bbox 1204 3914 1324 3993; x_wconf 76' lang='lat' dir='ltr'>quieue-</span> <span class='ocrx_word' id='word_1_374' title='bbox 1356 3926 1359 3934; x_wconf 87' lang='lat'>·</span> 
     </span>
     <span class='ocr_line' id='line_1_43' title="bbox 269 3978 1328 4070; baseline 0.011 -26"><span class='ocrx_word' id='word_1_375' title='bbox 269 3988 392 4045; x_wconf 85' lang='lat' dir='ltr'>toritate</span> <span class='ocrx_word' id='word_1_376' title='bbox 400 3984 527 4046; x_wconf 89' lang='lat' dir='ltr'>Romani</span> <span class='ocrx_word' id='word_1_377' title='bbox 537 3978 692 4068; x_wconf 87' lang='lat' dir='ltr'>pontificis</span> <span class='ocrx_word' id='word_1_378' title='bbox 701 3996 904 4061; x_wconf 85' lang='lat' dir='ltr'>assumuntur,</span> <span class='ocrx_word' id='word_1_379' title='bbox 921 4004 985 4043; x_wconf 88' lang='lat' dir='ltr'>non</span> <span class='ocrx_word' id='word_1_380' title='bbox 1000 4005 1065 4045; x_wconf 89' lang='lat' dir='ltr'>esse</span> <span class='ocrx_word' id='word_1_381' title='bbox 1078 3987 1328 4070; x_wconf 79' lang='lat' dir='ltr'>legitimosette·</span> 
     </span>
     <span class='ocr_line' id='line_1_44' title="bbox 270 4064 1258 4152; baseline 0.018 -31"><span class='ocrx_word' id='word_1_382' title='bbox 270 4088 324 4129; x_wconf 82' lang='lat' dir='ltr'>ros</span> <span class='ocrx_word' id='word_1_383' title='bbox 343 4069 527 4152; x_wconf 79' lang='lat' dir='ltr'>Episcopus,</span> <span class='ocrx_word' id='word_1_384' title='bbox 548 4069 602 4128; x_wconf 91' lang='lat' dir='ltr'>sed</span> <span class='ocrx_word' id='word_1_385' title='bbox 623 4064 800 4150; x_wconf 78' lang='lat' dir='ltr'>figmentum</span> <span class='ocrx_word' id='word_1_386' title='bbox 820 4068 996 4143; x_wconf 90' lang='lat' dir='ltr'>humanum,</span> <span class='ocrx_word' id='word_1_387' title='bbox 1017 4070 1181 4137; x_wconf 86' lang='lat' dir='ltr'>anathema</span> <span class='ocrx_word' id='word_1_388' title='bbox 1209 4082 1258 4140; x_wconf 89' lang='lat' dir='ltr'>sit.</span> 
     </span>
    </p>

    <p class='ocr_par' dir='ltr' id='par_1_10' title="bbox 351 4152 1328 4239">
     <span class='ocr_line' id='line_1_45' title="bbox 351 4152 1328 4239; baseline 0.016 -28"><span class='ocrx_word' id='word_1_389' title='bbox 351 4162 381 4220; x_wconf 79' lang='lat'>8.</span> <span class='ocrx_word' id='word_1_390' title='bbox 421 4152 654 4216; x_wconf 84' lang='lat' dir='ltr'>AMBROSIUS</span> <span class='ocrx_word' id='word_1_391' title='bbox 679 4153 718 4212; x_wconf 86' lang='lat' dir='ltr'>in</span> <span class='ocrx_word' id='word_1_392' title='bbox 735 4165 784 4221; x_wconf 76' lang='lat'>12.</span> <span class='ocrx_word' id='word_1_393' title='bbox 808 4172 873 4233; x_wconf 87' lang='lat' dir='ltr'>cap.</span> <span class='ocrx_word' id='word_1_394' title='bbox 885 4152 1046 4231; x_wconf 88' lang='lat' dir='ltr'>priorisad</span> <span class='ocrx_word' id='word_1_395' title='bbox 1057 4155 1261 4239; x_wconf 84' lang='lat' dir='ltr'>Corinthios,</span> <span class='ocrx_word' id='word_1_396' title='bbox 1280 4178 1328 4222; x_wconf 86' lang='lat' dir='ltr'>su·</span> 
     </span>
    </p>
   </div>
   <div class='ocr_carea' id='block_1_6' title="bbox 95 4215 1326 4324">
    <p class='ocr_par' dir='ltr' id='par_1_11' title="bbox 95 4215 1326 4324">
     <span class='ocr_line' id='line_1_46' title="bbox 95 4215 1326 4324; baseline 0.032 -36"><span class='ocrx_word' id='word_1_397' title='bbox 95 4215 324 4324; x_wconf 52' lang='lat' dir='ltr'>⁸2⁸?„¹¹‘¹{{¹‚,2&#39;¹“¹³‘per</span> <span class='ocrx_word' id='word_1_398' title='bbox 350 4254 388 4297; x_wconf 78' lang='lat' dir='ltr'>ea</span> <span class='ocrx_word' id='word_1_399' title='bbox 415 4237 523 4300; x_wconf 79' lang='lat' dir='ltr'>verber</span> <span class='ocrx_word' id='word_1_400' title='bbox 549 4238 722 4301; x_wconf 75' lang='lat' dir='ltr'>Divisiones</span> <span class='ocrx_word' id='word_1_401' title='bbox 747 4237 913 4323; x_wconf 66' lang='lat' dir='ltr'>gratim</span> <span class='ocrx_word' id='word_1_402' title='bbox 938 4250 1031 4301; x_wconf 61' lang='lat' dir='ltr'>sunit</span> <span class='ocrx_word' id='word_1_403' title='bbox 1052 4237 1091 4302; x_wconf 77' lang='lat'>1¹¹</span> <span class='ocrx_word' id='word_1_404' title='bbox 1107 4239 1191 4311; x_wconf 60' lang='grc' dir='ltr'>10(ὶο</span> <span class='ocrx_word' id='word_1_405' title='bbox 1216 4246 1326 4313; x_wconf 62' lang='lat' dir='ltr'>“ffissl‘</span> 
     </span>
    </p>
   </div>
   <div class='ocr_carea' id='block_1_7' title="bbox 0 0 1400 4792">
    <p class='ocr_par' dir='ltr' id='par_1_12' title="bbox 0 0 1400 4792">
     <span class='ocr_line' id='line_1_47' title="bbox 0 0 1400 4792; baseline 0 2"><span class='ocrx_word' id='word_1_406' title='bbox 0 0 1400 4792; x_wconf 95' lang='lat' dir='ltr'> </span> 
     </span>
    </p>
   </div>
  </div>
 </body>
</html>
