2790 4792
172 244 179 267 '
278 305 919 393 conr1nnnu1on1s..
1085 323 1139 396 ot

153 512 184 567 5.
225 496 333 558 IDEM
353 496 390 557 de
410 497 462 572 iis,
484 495 539 578 qui
561 492 713 568 mysteriis
734 492 906 576 initiantur,
928 521 954 560 c.
979 513 1024 572 γη
1045 501 1135 562 Unde
1155 530 1306 584 „mem

68 595 175 665 repete
187 627 196 658 ,
219 582 289 663 quia
311 582 449 663 recepisti
471 576 659 662 signaculum
682 577 829 658 spiritale,
850 586 989 663 spiritum
1010 585 1285 678 sapien-{3⁸3⁰}

70 669 132 726 tiac
151 679 181 726 et
204 666 386 739 intellectus,
407 666 548 746 spiritum
568 658 686 721 consilii
707 672 798 740 atque
822 665 959 745 virtutis,
991 672 1133 753 spiritum
1199 680 1202 685 '
1238 656 1247 679 ’
1274 657 1281 671 ’

69 751 257 832 cognitionis
288 763 318 810 et
344 750 483 832 pietatis,
513 748 658 828 spiritum
679 746 774 802 sancti
801 748 935 810 timoris:
973 765 1004 812 et
1034 775 1132 828 serva,

66 834 159 914 quod
173 860 177 869 ¹
193 835 340 915 accepisti.
366 904 371 908 q
397 832 543 916 signavit
568 840 598 887 tc
625 829 711 888 Deus
734 840 839 909 pater,
879 825 1133 902 confirmavit'te

67 916 210 978 Christus
238 919 415 992 Dominus,
453 924 484 974 et
517 910 604 971 dedit
630 912 740 994 pignus
770 910 894 996 spiritus
921 919 954 976 in
984 922 1132 982 cordibus
1227 932 1235 938 '

66 1003 149 1078 tuis,
173 1005 254 1061 sicut
277 1001 455 1084 Apostolica
473 997 603 1069 lectione
622 995 766 1056 didicisti.
1140 1010 1165 1053 2·
1180 1006 1233 1050 eor.
1244 1010 1301 1059 55.

147 1086 181 1144 B.
224 1082 448 1146 DIONYSIUS
465 1081 621 1161 Areopagi.
642 1079 676 1138 L.
700 1079 738 1139 de
760 1079 845 1140 Eccl.
866 1080 947 1143 hiem
965 1102 1049 1154 0021
1071 1089 1132 1147 As.

63 1182 213 1232 sumentes
241 1182 341 1230 autem
374 1163 778 1247 baptizaturussacerdotes,
814 1172 986 1248 susceptori
1022 1173 1132 1250 suique
1154 1192 1302 1239 conamus„

64 1275 201 1315 accessus
227 1254 297 1314 deici
329 1253 533 1330 consignant,
564 1258 595 1306 et
616 1267 676 1305 una
705 1269 774 1306 cum
803 1249 871 1330 ipso
902 1250 990 1310 illum
1020 1240 1292 1332 vestem?,“3‡2{{,¹,?“

64 1337 212 1421 baptizati
242 1337 413 1396 munditiae
443 1350 610 1412 congruam
655 1330 804 1390 induunt:
842 1333 949 1414 sicque
983 1337 1133 1413 indutum,
1143 1348 1203 1378 ¹²⁰¹·-

65 1444 171 1483 rursus
204 1423 243 1480 ad
264 1415 443 1500 pontificem
470 1414 594 1472 ducunt.
637 1412 693 1472 Ille
715 1414 819 1474 divino
842 1436 877 1474 ac
909 1417 1020 1478 deifico
1040 1441 1135 1502 pror-

65 1528 114 1568 sus
133 1516 295 1586 unguento
315 1502 413 1557 virum
432 1499 573 1580 signans,
597 1500 812 1557 sacratissimae
830 1505 1048 1562 communionis
1060 1524 1135 1586 par-

63 1593 192 1672 ticipem
215 1587 298 1645 facit.
345 1582 397 1647 ,Et
414 1579 471 1640 sub
490 1579 581 1640 finem
603 1583 733 1664 eapitis:
760 1583 850 1642 Enim
871 1605 945 1651 vero
970 1587 1020 1661 illa
1037 1581 1134 1671 perfi-
1157 1615 1292 1670 Perceiana.

64 1680 150 1736 ciens
175 1670 283 1728 unctio
305 1666 378 1726 facit
401 1664 442 1725 ita
463 1664 653 1747 perfectum,
675 1665 838 1748 fragrantia
860 1673 1027 1730 suavissimi
1050 1669 1220 1733 ,domas

63 1761 108 1819 ris
134 1758 300 1837 insignem,
331 1753 444 1832 quippe
469 1749 587 1808 divinae
610 1752 811 1832 generationis
846 1769 1035 1817 sacrosancta
1057 1778 1130 1840 per-
1160 1784 1163 1789 ·

64 1842 183 1913 sectio,
219 1837 333 1895 divino·
352 1835 484 1918 spiritui,
515 1853 593 1914 quae
625 1833 740 1893 fuerint
766 1828 925 1917 perfecta,
958 1843 1127 1925 conjungit.
1212 1854 1216 1865 “
1258 1840 1262 1886 ’-

61 1926 169 1987 Porro
185 1919 353 1981 adventum
372 1918 455 1977 illum
473 1919 705 1998 secretissimum
726 1921 873 2001 spiritus,
909 1926 960 2004 qui
982 1927 1127 2010 intelligi.

63 2008 169 2070 biliter
189 2006 285 2065 odore
302 2005 386 2069 suavi
410 2002 575 2084 fragrantes
591 2001 666 2062 facit
688 2024 723 2063 ac
744 2001 876 2086 perficit,
900 2024 969 2067 cum
984 2012 1022 2068 sit
1034 2032 1128 2092 pror-

65 2114 113 2154 sus
137 2088 315 2163 ineffabilis,
337 2085 515 2170 spiritaliter
533 2085 761 2169 intelligendum
786 2087 928 2167 dimitto,
956 2096 1009 2174 qui
1030 2094 1126 2155 divini

66 2179 188 2260 spiritus
215 2184 346 2233 sanctam
371 2192 406 2230 ac
426 2167 562 2228 deificam
586 2173 761 2231 societatem
779 2174 812 2231 in
836 2177 932 2233 anima
954 2197 1007 2234 sua
1023 2181 1128 2258 perei-

65 2280 140 2345 pere
164 2268 344 2319 meruerunt
386 2257 423 2314 In
447 2251 508 2313 fine
530 2266 632 2313 autem
649 2257 804 2328 omnium,
825 2259 962 2339 pontifex
985 2262 1028 2319 ita
1054 2280 1128 2340 per.

64 2346 175 2405 sectum
197 2342 236 2403 ad
257 2340 485 2401 sacratissimam
506 2337 718 2396 eucharistiam
731 2350 837 2413 vocat,
871 2351 902 2398 at
925 2362 962 2399 ue
986 2362 1130 2400 consum-

62 2430 210 2490 mantium
239 2425 283 2485 illi
313 2422 832 2483 sacramentorum'communionem
853 2356 992 2482 deiicam
1023 2425 1128 2485 tradit.

119 2554 122 2559 ,
146 2513 180 2572 C.
222 2503 724 2570 AUGUST.1nPsalm.CXLI.:
756 2504 859 2585 Usque
881 2506 956 2567 adeo
979 2507 1016 2577 de
1037 2508 1139 2570 cruce?

63 2620 121 2660 non
142 2594 306 2669 erubesco,
328 2605 445 2651 utnon
466 2591 497 2646 in
513 2585 634 2645 occulto
658 2585 728 2646 loco
745 2586 871 2661 babeam
894 2612 1013 2652 crucem
1034 2593 1126 2653 Chri.

64 2686 121 2760 sti,
155 2678 212 2739 sed
246 2681 277 2736 in
299 2677 400 2734 fronte
426 2676 570 2752 portem'
600 2669 698 2730 Multa
721 2678 905 2735 sacramenta
931 2675 1019 2736 aliter
1034 2677 1298 2760 atque¹¹¹st9¹¹³⁰⁶¹¹²

64 2768 147 2833 aliter
175 2763 350 2841 accipimus.
406 2754 583 2831 Quaedam,
613 2757 692 2814 sicut
713 2759 827 2838 Bottia,
861 2781 916 2820 ore
940 2735 1297 2844 .aceipimus:in⁰ls⁸il“¹“'

66 2850 215 2935 quaedam
233 2863 288 2927 per
309 2854 407 2901 totum
425 2861 536 2924 corpus
561 2840 735 2920 accipimus.
778 2843 857 2918 Quia
882 2867 954 2904 vero
976 2849 1006 2904 in
1021 2848 1146 2908 fronte.
1172 2908 1175 2915 ⁴

66 2933 279 3002 erubescitur,
313 2925 382 2999 ille,
414 2927 466 3004 qui
489 2924 577 2983 dixit:
606 2924 668 2999 Qui
702 2946 749 2985 me
765 2926 925 2989 erubuerit
942 2951 1043 2988 coram
1066 2930 1126 2990 ho-

66 3018 214 3091 minibus,
247 3008 423 3072 erubescam
459 3029 528 3069 eum
553 3029 655 3068 coram
676 3022 764 3090 patre
795 3032 879 3088 meo,
903 3016 960 3091 ⁸qui
981 3016 1012 3073 in
1035 3014 1126 3073 caelis

69 3116 130 3175 est,
149 3104 247 3187 ipsam
275 3094 469 3178 ignominiam
496 3093 719 3174 quodammodo
744 3105 775 3152 et
795 3116 887 3179 quam
907 3095 1126 3175 Paceni-deri-

69 3184 155 3262 dent,
194 3186 226 3243 in
259 3181 332 3240 loco
355 3176 483 3259 pudoris
511 3179 608 3235 nostri
630 3179 796 3237 constituit.
841 3141 1125 3252 amissionum

69 3269 208 3331 insultare
230 3263 400 3347 impudenti
433 3271 463 3318 et
494 3259 615 3335 dicere,
645 3262 778 3322 frontem
791 3307 794 3313 .
807 3283 868 3322 non
892 3261 994 3324 babet.
1037 3262 1124 3337 Quid
1203 3293 1205 3297 ·

71 3367 128 3433 est,
152 3354 285 3413 frontem
307 3369 370 3408 non
398 3342 514 3429 habeti
556 3343 718 3426 Impudens
740 3355 802 3427 est:
832 3367 893 3406 non
914 3346 1042 3410 babeam
1062 3367 1122 3407 nu-

71 3435 132 3501 dam
150 3437 297 3511 frontem,
325 3434 407 3516 tegat
428 3448 492 3490 eam
513 3447 587 3487 crux
606 3426 729 3489 Domini
746 3429 814 3488 mei.
995 3447 998 3451 ’
