2790 4792
290 323 372 391 m
524 312 1129 398 unsa-onauuaao

294 525 346 586 pe,
370 501 443 563 dnm
465 499 633 569 inmundo
652 521 773 579 sumus„
790 500 926 561 fallimur
946 514 976 562 et
996 522 1130 565 erramus
1141 548 1152 583 ‚
1179 517 1248 568 tnm
1264 511 1357 590 inviti,

117 603 281 663 rsorsssato-
294 600 361 647 tum
381 587 570 663 voluntarie,
608 604 670 667 quo
683 587 734 647 ..id
741 630 752 663 ‚
773 587 856 667 quod
880 586 1046 668 perfectius
1065 600 1126 664 est,
1159 591 1356 673 significetur,

116 653 282 742 {ii'dsfflil
295 683 325 732 et
357 692 416 754 pro
446 672 558 751 justis,
589 682 619 731 et
657 691 715 752 pro
723 720 729 747 ·.
742 670 959 753 ,peccatoribus
996 674 1170 732 memoriam
1208 677 1356 740 iacimus:

120 761 170 792 ⁰¹⁰·
247 772 249 777 ’
293 777 352 841 pro
382 754 592 838 peccatoribus
632 754 756 836 quidem
790 754 1028 814 misericordiam
1058 757 1117 815 Dei
1149 759 1354 843 implorantes,

293 861 352 925 pro
383 841 472 919 justis
504 858 578 901 nero
604 850 636 919 et
668 836 834 914 Patribus,
873 850 903 897 et
932 837 1138 914 Patriarchis,
1165 842 1351 927 Prophetis,

292 923 467 1006 Apostolis‚
490 921 710 1003 Evangelistis,
730 920 920 997 Martyribus
941 943 976 982 ac
999 922 1259 1005 confessoribus,
1281 930 1354 1013 Epi.

291 1009 457 1090 scopisque
471 1007 506 1065 'et
526 1002 752 1081 Anachoretis,
772 1018 802 1066 et
847 1027 882 1065 ro
898 1008 1041 1066 universo
1063 1007 1192 1085 ordine,
1226 1024 1262 1070 ut
1285 1015 1352 1074 Do-

292 1093 404 1153 minum
426 1089 554 1163 JESUM
583 1088 788 1159 CHRISTUM
809 1027 847 1149 ah
867 1088 1019 1163 hominum
1045 1090 1154 1165 ordine
1167 1112 1352 1176 separemus,

168 1210 185 1239 ,-
202 1223 213 1235 .,
246 1220 250 1234 .
290 1196 349 1258 per
367 1174 539 1251 honorem,
562 1192 652 1253 quem
674 1175 733 1255 ipsi
754 1171 948 1245 exhibemus,
970 1184 1000 1231 et
1018 1185 1053 1233 ut
1072 1173 1284 1239 adorationem
1296 1183 1350 1263 ipsi

205 1274 208 1285 ·
293 1271 501 1343 praestemus,
535 1255 613 1317 illud
637 1269 736 1333 mente
753 1256 929 1333 solventes,
951 1256 1038 1338 quod
1057 1259 1206 1319 Dominus
1230 1277 1351 1325 nonest

293 1343 385 1415 alicui
416 1342 533 1402 homini
554 1340 896 1423 adaequatus,‚etiamsi
917 1341 1042 1416 millies,
1064 1354 1095 1401 et
1113 1343 1214 1425 ultra,
1247 1349 1277 1408 in
1299 1350 1351 1429 ju·

294 1429 376 1489 stitia
404 1428 509 1509 degat,
528 1422 873 1507 unusquisquehomo.
928 1423 970 1484 Et
990 1438 1061 1507 post
1087 1447 1202 1507 pauca:
1237 1432 1349 1493 Deinde

293 1531 366 1571 vero
386 1530 493 1571 rursus
516 1509 555 1570 ad
573 1508 913 1593 propositiargumenti
927 1513 1173 1588 consequentiam
1186 1513 1347 1589 deveniam,

117 1595 380 1681 g;,¹„,3;„„,quod
395 1593 532 1673 Ecclesia
550 1594 722 1655 necessario
750 1590 812 1652 hoc
830 1591 967 1674 perficit,
988 1593 1150 1653 traditione
1165 1617 1182 1655 a
1205 1598 1345 1659 Patribus

116 1700 132 1728 s
154 1688 267 1743 assessus
293 1692 423 1763 accepta.
467 1678 543 1755 Quis
557 1691 667 1753 autem,
681 1678 799 1759 poterit
819 1689 963 1736 statutum
982 1679 1082 1751 matris
1103 1678 1280 1759 dissolvere,
1291 1695 1347 1757 aut

114 1745 270 1825 hillidii.
293 1764 388 1845 legem
414 1762 532 1845 patris?
552 1761 637 1821 velut
658 1748 800 1827 Salomon
825 1761 919 1821 dicit:
939 1760 1031 1836 Audi,
1045 1758 1097 1837 fili,
1116 1762 1287 1833 sermonem
1296 1789 1347 1851 pa·

113 1840 268 1886 praestantur.
291 1850 348 1907 tris
371 1850 441 1921 tui,
464 1857 494 1925 et
515 1865 553 1904 ne
575 1845 717 1929 repudies
735 1855 848 1915 statuta
873 1846 976 1919 matris
998 1857 1086 1913 tuae3
1115 1850 1346 1934 ostendensper

287 1929 372 2005 hoc,
404 1929 489 2012 quod
516 1940 548 1988 et
583 1932 614 1988 in
637 1929 801 2010 ¹seripturis
832 1939 862 1990 et
895 1922 958 1986 sin'e
980 1935 1095 2010 scripto
1122 1929 1231 1993 docuit
1254 1948 1345 2016 pater,

282 2011 352 2074 hoe¹
379 2025 424 2071 est
451 2012 556 2086 Deus,
591 2024 620 2070 et
639 2012 838 2095 Unigenitus,
870 2024 899 2070 et
924 2010 1055 2094 Spiritus
1078 2027 1210 2076 sanetus.
1251 2020 1344 2078 Mater

284 2108 383 2157 autem
405 2102 510 2155 nostra
531 2093 911 2175 Ecclesiahhabetstatuta
926 2098 957 2153 in
979 2116 1010 2154 se
1034 2098 1148 2178 posita,
1180 2100 1340 2161 indissolu-

261 2178 379 2254 bilia,
413 2201 493 2261 quae
523 2178 645 2241 dissolvi
661 2200 730 2251 ,non
748 2164 897 2262 dessunt.
952 2178 1054 2259 Quum
1075 2183 1181 2263 itaque
1206 2184 1338 2246 ordinata

285 2266 396 2325 sintin
419 2263 554 2325 Ecclesia
580 2276 710 2341 statuta,
734 2263 854 2343 etbene
871 2284 902 2323 se
925 2262 1078 2340 habeant,
1110 2280 1140 2325 et
1168 2275 1267 2329 omnia
1286 2272 1340 2331 mi-

211 2399 212 2402 .
284 2349 441 2423 rabiliter,
457 2346 563 2424 fiunt,
579 2349 753 2421 confutatus
786 2360 830 2407 est
857 2368 962 2406 rursus
992 2351 1080 2411 ctiam
1108 2347 1161 2409 hic
1191 2355 1340 2423 seductor.

262 2434 345 2493 'Sed
367 2446 398 2493 et
425 2433 486 2512 hoc
516 2431 642 2508 relicto,
673 2432 758 2495 velut
784 2431 968 2509 scarabaeo,
1001 2445 1052 2491 aut
1077 2430 1273 2510 cantharide,
1293 2449 1341 2511 aut

282 2518 422 2599 bupresti
446 2516 659 2595 'animalculo,
698 2538 753 2601 per
779 2515 1014 2597 ecclesiasticum
1044 2516 1277 2583 fundamentum
1314 2533 1342 2583 et

282 2603 340 2659 Dei
359 2604 525 2682 potentiam
553 2602 748 2675 conculcato,
781 2601 818 2661 ad
844 2600 973 2680 reliquas
993 2617 1217 2683 consequenter
1236 2627 1344 2690 proee-

283 2684 388 2763 damus
400 2712 410 2763 ·,
432 2685 532 2764 Deum
558 2686 745 2763 auxiliarium
768 2686 951 2759 invocantes.

109 2797 165 2838 uss.
176 2799 273 2850 ωηο.
363 2781 394 2837 l,-
417 2768 458 2825 Μ.
497 2767 728 2841 ,CYPRIANUS
750 2769 781 2826 in
803 2789 939 2827 sermone
960 2766 997 2828 de
1017 2791 1109 2830 coena
1127 2762 1270 2833 Domini:
1297 2772 1342 2833 Ex

110 2874 114 2880 ·
138 2878 153 2887 ··
262 2849 346 2933 'quo
368 2871 384 2909 a
406 2851 538 2922 Domino
560 2852 676 2913 dietum
700 2864 759 2913 est:
783 2853 850 2911 Hoc
871 2852 960 2911 facite
985 2855 1016 2913 in
1040 2877 1135 2914 meam
1162 2878 1343 2917 commemo-

282 2937 448 3014 rationem,
465 2932 541 3013 haec
562 2947 606 2994 est
627 2956 698 3005 earo
727 2955 809 3011 mea,
834 2948 863 2994 et
880 2935 931 2994 hic
954 2948 998 2996 est
1015 2942 1135 3021 sanguis
1155 2962 1340 3023 meus‚quo·

281 3022 460 3101 tiescunque
476 3017 526 3089 his
549 3018 648 3083 verbis
668 3030 703 3085 ¹et
732 3018 789 3081 hac
811 3016 872 3077 fide
889 3031 990 3079 aetum
1008 3035 1071 3100 est,
1092 3027 1178 3104 panis
1194 3018 1252 3085 iste
1267 3024 1339 3087 suh-

281 3103 426 3167 stantialis
450 3114 480 3163 et
509 3104 584 3163 calix
612 3102 822 3181 benedictione
851 3103 976 3164 solemni
1005 3120 1158 3182 sacratus,
1186 3108 1226 3169 ad
1246 3112 1336 3169 totius

108 3193 260 3283 9¹⁵¹i²²⁸il¹¹2
281 3189 411 3259 hominis
435 3188 524 3248 vitam
544 3188 738 3269 salutemque¹
764 3183 903 3268 proficit,
930 3188 1018 3275 simul
1037 3191 1291 3255 medicamentum·
1309 3203 1338 3255 et

107 3254 208 3293 ''¹⁸⁸⁸‘'
232 3257 493 3351 ⁶¹¹'holoeaustum‘
526 3272 565 3353 ad
592 3270 738 3353 sanandas
759 3268 945 3333 infirmitates
974 3285 1003 3335 ct
1025 3275 1200 3358 purgandas
1226 3278 1340 3361 iniqui·

281 3370 358 3421 tates
380 3360 516 3419 existens.
609 3420 613 3427 ,
714 3412 730 3433 .;
769 3426 772 3433 .
1121 3432 1124 3437 Ι

317 3514 320 3519 Ι
358 3456 395 3519 ¹2.
436 3439 668 3501 theotius-in
682 3458 737 3503 sua
754 3438 909 3521 Liturgia:
941 3439 1070 3503 Nostrae
1085 3443 1206 3505 animas
1228 3438 1353 3507 saneti-.

282 3525 360 3602 fica,
383 3544 576 3605 corporaque
607 3535 638 3601 et
659 3518 808 3609 spiritus,
833 3544 889 3582 nee
909 3545 971 3585 non
998 3512 1197 3609 cogitationes
1224 3540 1366 3599 nasutas.

283 3611 324 3670 ad
345 3611 489 3691 pietatem
511 3619 668 3684 converte,
710 3619 747 3666 ut
769 3628 846 3690 pura
870 3610 1053 3670 conscientia
1085 3610 1142 3671 tibi
1166 3612 1249 3673 dona
1267 3604 1342 3679 olfe-

283 3709 402 3767 ramus3
425 3712 564 3768 munera,
590 3693 743 3751 fruetuum
760 3691 945 3769 oblationes,
971 3703 1006 3775 pt
1033 3714 1067 3755 ea
1102 3693 1262 3759 deleantur
1286 3694 1342 3753 de-

284 3778 371 3853 licta,
394 3797 470 3861 quae
494 3776 684 3851 admisimus,
719 3786 749 3835 et
771 3789 805 3836 ut
826 3776 883 3834 toti
906 3772 1022 3860 populo
1038 3774 1094 3837 suo
1112 3779 1152 3837 sis
1178 3778 1341 3863 propitius.

119 3861 275 3951 l’rgtlffa'gfffi·
284 3861 419 3923 Ibidem:
452 3872 488 3941 ut
510 3860 569 3921 tibi
589 3870 677 3943 grato
695 3871 725 3921 et
753 3858 853 3919 dirino
875 3858 979 3920 oblato
996 3858 1167 3938 sacrificio,
1191 3864 1274 3949 digni
1288 3862 1344 3931 ‚abs

111 3926 172 4020 {iim
183 3973 225 4015 pro
242 3960 274 4003 vi·
285 3958 317 4005 te
334 3945 502 4007 habeamur
525 3947 587 4005 vita
605 3953 751 4029 aeterna.⁸
777 3945 870 4003 Item:
894 3940 941 4015 Ne
958 3945 1104 4005 averseris
1123 3968 1179 4006 nos
1200 3938 1346 4031 peceato-

109 4021 154 4053 ω’
286 4050 352 4105 res,
383 4028 549 4089 verendum
582 4026 644 4088 hoc
669 4040 699 4089 et
725 4028 918 4091 incruentum
938 4026 1123 4095 sacrificium
1142 4043 1348 4095 attrectantes.

286 4111 497 4195 supplicamus
519 4123 549 4172 et
571 4106 768 4196 implpramus
789 4107 958 4175 bonitatem
981 4110 1093 4190 tnan,'
1109 4135 1149 4175 ne
1171 4112 1347 4197 mysterium

271 4194 362 4280 hoc,
385 4194 471 4285 quod
486 4193 527 4266 ad
542 4194 670 4287 salutem
684 4188 776 4291 poilly
801 4191 1010 4281 dispensatum
1032 4190 1095 4281 est,
1111 4197 1144 4271 in
1161 4192 1346 4273 condemna·
