2790 4792
244 347 327 417 am
482 294 1069 403 uasacaauauao

70 530 143 583 cup·
157 525 321 585 mitnino
341 544 416 598 etse,
435 533 500 584 eta
522 521 620 585 verbo
637 526 697 586 Dei
723 524 865 600 alienum,
888 520 1011 604 mlpam
1031 540 1050 581 a
1069 519 1220 580 Domino
1239 540 1291 579 am

69 577 339 690 iii'ffliffiquam
355 609 479 683 remitti,
503 608 579 688 qnia
603 612 742 668 universa
763 611 853 667 ctiam
875 626 975 689 poena
1001 603 1232 672 condonetur;
1248 626 1292 686 ps

71 685 234 766 lama?
246 695 350 775 spicue
368 694 446 751 enim
466 703 498 750 et
520 690 652 751 illustria
670 697 699 751 in
717 695 810 751 sacris
830 691 926 750 literis
946 687 1085 771 exempla
1113 691 1292 785 reperiuntq

70 775 361 866 ξζῃωφιίὴω
380 788 499 858 praeter
519 775 650 835 divinam
672 780 866 835 traditionem
894 773 945 832 laic
971 792 1062 832 emor
1093 792 1198 853 quam
1226 793 1294 831 mam

72 874 235 924 oea-negat.
248 862 406 919 festissime
426 861 597 919 revincitur.
640 862 719 918 Sane
736 873 765 918 et
788 860 907 918 divinae
926 858 1065 937 justitiae
1096 859 1189 916 ratio
1209 859 1296 938 stigen

72 933 136 1016 32⁸³.
148 926 188 1017 3⁴⁹
198 924 236 1001 “i
247 944 379 1017 ridetur,
399 955 434 1002 nt
446 943 532 1002 aliter
544 943 584 1001 ab
605 966 641 1002 co
651 948 687 1002 in
704 947 831 1025 gratiam
851 943 1048 1023 recipiantur,
1074 942 1139 1020 qui
1163 952 1234 1000 ante
1243 940 1298 1021 Bap-

75 1027 114 1114 ti'.
129 984 180 1108 θ’ἷ·
194 1023 237 1066 ²¹'
249 1031 369 1087 tismum
392 1050 448 1108 per
468 1030 665 1109 ignorantiam
688 1029 891 1107 deliquerint:
918 1025 1005 1084 aliter
1027 1044 1135 1100 vero,
1159 1026 1216 1105 qui
1235 1021 1299 1083 send

73 1081 797 1193 1·⁰0ii³·¹ttapeccattetDaemonissen-itute
819 1109 948 1183 liberati,
978 1119 1010 1167 ct
1028 1121 1170 1190 accepto
1195 1107 1300 1191 Spiritu

71 1173 344 1269 iiiam-sancti
364 1196 456 1270 dono,
478 1197 606 1254 scientes
629 1196 773 1276 templum
788 1195 846 1252 Dei
864 1191 988 1264 violare,
1007 1205 1041 1252 et
1062 1192 1225 1275 Spiritum
1238 1211 1301 1251 sano

73 1280 111 1320 “¹⁹
247 1293 313 1341 tum
337 1282 519 1340 contristare
534 1300 597 1339 non
629 1281 865 1338 formidaverint.
907 1277 948 1334 Et
965 1275 1105 1335 divinam
1139 1274 1320 1337 clementiu-

248 1364 346 1439 decet,
366 1385 404 1423 ue
422 1365 465 1422 ita
487 1363 579 1423 nobis
594 1363 709 1444 absque
739 1362 801 1420 ulla
823 1361 1028 1421 satisfactione
1060 1373 1201 1442 peccata
1224 1360 1303 1421 dimit·

247 1460 362 1523 untur,
387 1460 423 1506 ut
443 1450 601 1507 occasione
622 1461 755 1528 accepta,
775 1458 900 1526 peccata
915 1444 1032 1503 leviora
1061 1457 1226 1526 putantes,
1242 1442 1304 1503 refut

248 1534 357 1612 injurii
369 1544 400 1590 et
422 1532 631 1591 contumeliosi
655 1533 783 1614 Spiritui
796 1544 911 1600 sancto,
939 1529 971 1585 in
995 1530 1153 1608 graviora
1177 1528 1302 1597 labamur,

73 1593 173 1639 ”⁰³¹²
189 1595 212 1638 ⁵⁶
248 1615 484 1685 thesaurizantes
493 1616 583 1675 nohis
596 1618 669 1675 iram
688 1621 717 1674 in
732 1618 780 1673 die
794 1617 871 1672 irae:
898 1611 1009 1692 procul
1031 1611 1142 1673 dubio
1154 1616 1233 1672 enim
1241 1631 1304 1691 mag·

116 1757 122 1767 ,
215 1758 221 1770 ,
248 1719 366 1779 nopere
383 1713 506 1780 peecata
529 1714 681 1775 revocant,
718 1713 747 1759 et
772 1700 856 1779 quasi
879 1696 983 1754 fraeno
1008 1697 1157 1776 quodam
1187 1703 1304 1757 ouercam

72 1757 305 1865 iflli‘ssii'iiine
329 1783 547 1842 satisfactoriae
577 1805 711 1863 poenae,
750 1784 961 1860 cautioresque
984 1791 1016 1837 et
1055 1779 1302 1864 vigilantioresiu

73 1866 123 1893 ¹⁸¹³
138 1856 388 1925 ⁰²¹¹¹⁸⁸⁸tutnrum
410 1867 598 1945 poenitentes
619 1867 762 1940 efficiunt,
782 1865 941 1924 medentur
960 1884 1093 1943 quoquc
1128 1876 1304 1948 peccatorum

248 1948 395 2026 reliquiis,
418 1960 447 2005 ct
468 1950 591 2005 vitiosos
611 1948 743 2020 habitus,
765 1950 840 2007 male
858 1947 988 2006 vivendo
1011 1961 1219 2031 comparatus,
1237 1967 1305 2005 con-

243 2032 345 2089 trariis
358 2032 503 2088 virtutum
522 2031 828 2090 actionibustollunt
871 2031 977 2111 Neque
997 2052 1076 2091 vero
1100 2034 1229 2093 securior
1244 2027 1299 2087 ulla

243 2115 292 2172 via
312 2115 343 2171 in
367 2113 502 2174 Ecclesia
530 2115 590 2172 Dei
612 2135 743 2195 unquam
777 2116 940 2173 existimata
966 2115 1027 2172 fuit
1053 2116 1097 2176 ad
1121 2112 1300 2176 amovendam

243 2199 443 2257 imminentem
464 2219 480 2258 a
499 2198 634 2258 Domino
654 2219 804 2282 poariam,
839 2220 929 2279 quam
952 2212 988 2257 ut
1012 2197 1095 2260 laaec
1118 2199 1304 2283 poeniteutiae

244 2281 489 2365 operahomines
508 2304 577 2343 cum
590 2304 662 2345 vero
684 2285 773 2342 animi
799 2282 907 2342 dolore
934 2284 1148 2361 frequentent.
1187 2280 1301 2344 Accedit

242 2368 282 2427 ad
295 2366 381 2443 haec,
393 2368 487 2450 quod,
498 2367 570 2427 dum
578 2367 792 2429 satisfaciendo
804 2369 940 2448 patimur
949 2387 1008 2446 pro
1022 2370 1177 2447 peccatis,
1197 2366 1302 2429 Christo

242 2449 323 2527 Jesu,
345 2455 398 2533 qui
414 2474 472 2534 pro
486 2455 615 2535 peccatis
629 2454 741 2512 nostris
756 2450 911 2526 satisfecit,
933 2471 968 2508 ex
991 2471 1057 2530 quo
1089 2455 1195 2513 omnis
1217 2462 1304 2511 nostra

69 2591 84 2632 2
104 2587 136 2626 co
171 2591 184 2631 ἦ
208 2589 223 2631 5
244 2536 420 2595 sufficientia
447 2549 501 2612 est,
526 2538 698 2597 conformes
726 2535 880 2613 efficimur,
904 2537 1105 2595 certissimam
1122 2557 1249 2619 quoque
1266 2537 1304 2593 iu

69 2600 176 2697 neq-'iti
187 2612 232 2680 ’tri
245 2619 283 2677 dc
294 2619 412 2677 arrham
425 2619 581 2697 habentes,
594 2621 679 2702 quod
693 2624 718 2680 si
731 2621 941 2703 compatimur,
960 2630 989 2677 et
1000 2620 1303 2703 conglorificabimur.

69 2685 198 2778 {jfmmh‘
208 2691 234 2733 ²¹
244 2702 351 2781 Neque
370 2724 441 2761 vcro
453 2705 494 2762 ita
505 2717 610 2763 nostra
629 2719 675 2764 cst
688 2704 862 2764 satisfactio
884 2703 968 2775 haec,
987 2724 1081 2782 qnam
1103 2727 1171 2786 pro
1191 2705 1303 2790 peccatis

245 2788 357 2844 nostris
370 2785 558 2864 exsolvimus,
572 2798 679 2846 utnon
692 2791 730 2847 sit
742 2809 797 2869 per
805 2786 1009 2848 CHRISTUM
1021 2788 1163 2857 JESUM
1172 2815 1180 2848 ε
1189 2811 1254 2851 nam
1264 2786 1303 2868 qui

247 2890 281 2928 ex
294 2868 542 2948 nobis,tanquam
551 2871 649 2946 nobis,
661 2872 737 2930 nihil
748 2892 919 2951 possumus,
933 2890 969 2930 co
982 2888 1191 2951 cooperante,
1203 2875 1301 2956 quinat

69 3008 146 3063 mil)
162 3013 179 3056 4
197 3013 228 3057 η
247 2952 412 3028 confortat,
428 2956 719 3036 omniapossumus:
742 2958 783 3012 ita
796 2975 859 3013 non
878 2952 1090 3030 habethomo,
1103 2957 1300 3042 undeglorit·

73 3035 312 3116 scoritimitur:
334 3038 498 3098 sedomnis
516 3038 655 3121 gloriatio
686 3051 789 3097 nostra
820 3040 851 3096 in
877 3037 1052 3097 CHRISTO
1087 3053 1155 3100 est:
1197 3044 1229 3102 in
1252 3057 1300 3121 qut

69 3114 235 3206 i.¹tior.10‚,7‚
246 3122 382 3197 vivimus,
399 3124 429 3181 in
443 3143 506 3204 quo
525 3143 683 3198 meremur,
698 3126 729 3181 in
747 3143 809 3201 quo
828 3123 1041 3182 satisfacimus:
1065 3122 1220 3189 facientes
1230 3125 1299 3185 fruc·

246 3218 295 3266 tus
319 3206 424 3288 dignos
450 3208 663 3288 poenitentiae,
688 3226 741 3286 qut
768 3228 802 3266 ex
820 3205 871 3279 illo
893 3208 961 3271 vim.
981 3204 1107 3281 habent,
1131 3209 1175 3270 ah
1194 3209 1246 3271 illo
1262 3204 1299 3267 of·

68 3346 77 3380 ί
119 3344 126 3384 ¹
204 3346 209 3358 ,
246 3291 388 3350 feruntur
410 3290 506 3368 Patri,
530 3303 560 3350 et
585 3312 641 3375 per
663 3290 746 3349 illum
772 3302 971 3373 acceptantur
997 3309 1013 3348 a
1041 3289 1151 3352 Patre.
1197 3292 1300 3353 Debent

66 3346 232 3436 diitiieiiiiss
246 3395 318 3457 crgo
340 3373 512 3433 sacerdotes
534 3375 665 3448 Domini,
687 3388 832 3453 quantum
857 3376 980 3457 spiritus
1003 3384 1033 3432 et
1051 3376 1227 3455 prudentia
1244 3394 1299 3457 sug·

67 3440 201 3494 ¹¹⁸¹¹⁸⁰¹¹¹¹²⁰⁰
243 3459 378 3542 gesserit,
402 3478 458 3539 pro
474 3457 617 3537 qualitate
634 3461 790 3518 criminum
808 3460 1066 3540 etpocnitenttum
1085 3461 1248 3538 facultate,
1263 3478 1300 3517 sa·

241 3544 352 3604 lutares
374 3553 403 3600 et
421 3543 629 3602 couvenientes
658 3543 875 3602 satisfactiones
898 3544 1073 3623 injungeret
1106 3564 1168 3620 ne,
1190 3549 1216 3605 si
1238 3545 1303 3605 forte

263 3631 369 3685 coeatis
390 3626 580 3702 conniveant,
603 3638 632 3684 et
645 3626 852 3708 indulgentius
869 3647 937 3685 cum
956 3626 1192 3706 poenitentibus
1216 3636 1300 3712 agant,

239 3648 387 3770 ievissima
406 3708 552 3790 quaedam
567 3730 659 3791 opera
682 3733 740 3792 pro
759 3712 940 3793 gravissimis
958 3709 1076 3768 delictis
1108 3711 1301 3794 injungendo,

240 3793 406 3854 alienorum
421 3805 615 3875 peecatorum
638 3797 800 3876 participes
829 3794 1005 3853 efficiantur.
1048 3794 1197 3858 Habeant
1212 3809 1302 3857 autem

238 3899 313 3960 prae
335 3878 441 3954 oculis,
463 3877 691 3953 utSatisfactio,
715 3900 805 3958 quam
830 3879 999 3959 imponunt,
1022 3897 1086 3936 non
1114 3881 1158 3939 sit
1192 3894 1302 3941 tautum

240 3961 278 4020 ud
302 3982 395 4022 novae
422 3964 502 4022 vitae
519 3965 694 4037 custodiam,
714 3977 743 4021 et
761 3960 944 4021 infirmitatis
966 3961 1236 4039 medicamentum,
1256 3960 1303 4022 sed

241 4046 328 4104 etiam
357 4046 396 4105 ad
415 4048 648 4126 praeteritorum
673 4059 867 4126 pcccatorum
889 4046 1049 4105 vindictam
1074 4059 1105 4105 et
1127 4049 1303 4132 castigatio-

63 4118 321 4210 ffffi'ffiuem:
342 4150 408 4187 nam
435 4129 538 4189 Claves
566 4130 758 4189 sacerdotum
782 4149 844 4187 non
868 4126 907 4188 ad
933 4129 1114 4190 solvendum
1147 4132 1301 4204 duntaxat,

62 4216 228 4310 :ffleffiqendum
239 4211 292 4274 sed
305 4224 334 4273 et
352 4211 557 4295 adligandum
574 4233 741 4298 concessas,
754 4214 844 4278 etiam
857 4215 976 4298 antiqui
987 4209 1093 4278 Patres
1109 4226 1143 4279 ct
1162 4216 1300 4289 creduut,

69 3250 123 3290 tue.
139 3254 161 3297 a,
178 3257 201 3299 u.

1339 509 1348 547 t

1343 586 1348 628 l

1345 668 1347 700 ι
