2790 4792
217 297 246 405 ’,
336 331 905 418 poenituri-stiam.
994 348 1156 438 «goa
1236 280 1238 284 λ
1305 320 1309 327 ’

81 523 190 600 mines,
212 535 243 585 et
262 523 414 606 jumenta²
445 530 478 587 et
496 517 612 598 boves,
634 529 670 581 et
689 539 804 603 peoora
833 541 897 586 non
915 512 1162 608 gustent.i1nid?··
1261 577 1263 581 .

81 652 195 712 quam,
214 649 272 690 nee
291 640 459 713 pascantur,
482 635 513 688 et
533 640 720 709 nquamnon
736 622 852 688 bibant.
894 626 936 689 Et
969 633 1149 714 operiantur

81 739 178 798 saccis
189 735 334 802 „homiues
355 746 385 795 et
405 737 554 824 jumenta,
581 744 610 793 et
632 731 760 795 elameht
781 731 829 792 ad¹
843 733 1004 799 Dominum
1024 715 1149 821 ipsor-

81 836 231 906 titndind:
253 855 283 903 et
302 851 498 922 eonvertatur
523 825 608 900 vira
632 841 682 899 via
704 861 757 899 sua
773 837 877 916 mala,
900 852 930 901 et
959 841 998 904 ab
1029 845 1147 927 iniqui.

65 960 153 1027 tate,
171 968 248 1033 quae
265 958 309 1011 est
328 933 361 1010 in
382 946 521 1009 manibus
541 954 655 1038 eornm.
681 948 758 1026 Quis
770 947 839 1022 soit,
857 947 1101 1031 sieonrertatw,
1116 958 1155 1012 et'

80 1058 216 1138 ignoscat
233 1055 331 1140 Dens,
371 1066 402 1115 et
432 1066 607 1117 revereatur
627 1054 779 1119 alurora
809 1054 873 1114 irae
890 1060 988 1137 suae,
1018 1067 1050 1119 et
1084 1077 1146 1118 non
1238 1089 1246 1116 l
1338 1136 1341 1140 Ι

74 1162 270 1246 peribimus?
312 1163 356 1225 Et
388 1159 467 1245 uidit
502 1159 610 1219 DEUS
634 1181 728 1243 opera
753 1179 874 1254 eurum,
907 1148 986 1243 quia⁸
1008 1163 1146 1222 conversi

73 1281 150 1348 sunt
171 1270 210 1332 de
232 1273 282 1331 via
305 1288 362 1328 sua
388 1265 482 1328 mala:
504 1277 535 1326 et
555 1269 695 1348 misertus
716 1280 761 1345 est
787 1269 872 1329 Deus
902 1289 1000 1351 super,
1023 1267 1145 1347 malitia,

75 1396 171 1458 quam
192 1376 318 1445 loeutus
337 1374 445 1450 fuerat,
458 1384 494 1433 ut
514 1372 630 1446 faceret
650 1375 703 1450 eis,
724 1386 754 1435 et
767 1394 832 1445 non
856 1374 937 1434 feeit.
992 1432 996 1447 ,

156 1505 214 1568 ΠΙ.
236 1505 325 1584 Reg.
351 1500 453 1561 XXI.=
485 1499 602 1583 »ltaque
630 1523 701 1565 oum
714 1538 718 1542 -
731 1502 864 1563 audisset
890 1499 995 1564 Achab
1027 1521 1147 1565 sermo-

66 1629 129 1672 nes
150 1609 237 1685 istos,
258 1606 351 1667 scidit
369 1607 549 1677 ,uestimenta
571 1628 641 1685 sua,
671 1622 708 1671 et
744 1611 866 1693 operuit
884 1608 993 1671 -eilieio
1027 1627 1148 1667 carnem

73 1734 174 1789 suam,
195 1714 411 1796 ieiunavitque,
432 1727 474 1797 ¹et
494 1714 638 1777 dormivit
659 1718 690 1778 in
706 1704 830 1793 saocoJ'
850 1727 880 1776 et
900 1713 1146 1774 ambulavitde-

71 1820 168 1881 misso
190 1820 298 1902 eapite.
339 1819 381 1880 Et
399 1819 499 1884 faetus
521 1836 567 1886 est
585 1806 683 1885 sermo
703 1823 828 1883 Domini
849 1821 888 1881 ed
908 1821 1025 1881 Heliam
1046 1821 1146 1882 Thes-

70 1924 170 2001 biten,
194 1924 321 1986 dicens:
353 1925 462 1989 Nonne
478 1929 580 1992 vidisti
601 1931 795 1992 humiliatum
814 1926 922 1989 Achab
943 1948 1046 1988 coram
1071 1928 1141 1989 mel
1165 1917 1166 1920 ¹
1209 1920 1227 1934 “

72 2031 149 2111 quia
169 2031 265 2112 igitur
283 2031 461 2094 humiliatus
483 2047 527 2095 est
547 2039 606 2096 mei
627 2059 732 2116 eausa,
762 2056 826 2097 non
861 2034 1005 2100 inducam
1033 2024 1146 2096 malum

68 2135 105 2195 in
127 2133 237 2196 diebus
260 2136 327 2218 ejus
338 2180 349 2222 ,
379 2139 464 2201 sed'
455 2161 488 2201 ιιι
509 2143 619 2205 diebus
645 2143 715 2208 filii
722 2145 773 2207 sui
793 2143 922 2205 inferam
941 2139 1054 2202 malum
1084 2141 1145 2204 do-

67 2241 133 2303 mui
156 2242 232 2323 ejus

154 2369 180 2431 Ι.
200 2325 388 2434 Mnehab.
406 2372 466 2434 lI.=
485 2373 655 2458 Postquam
663 2362 847 2436 Mathathias
863 2371 1054 2455 deplorasset
1072 2395 1144 2437 eum

68 2472 143 2538 filiis
164 2480 225 2538 suis
258 2477 476 2543 desolationem
504 2480 710 2557 Hierusalem,
734 2481 778 2539 sic
810 2479 848 2538 de
872 2499 909 2538 eo
933 2476 1058 2539 dicitnr·
1101 2481 1142 2542 Et

67 2580 161 2642 ecidit
179 2584 359 2646 vestimenta
379 2605 435 2645 sna
462 2583 667 2662 Mathathias‚
700 2595 732 2646 et
747 2583 808 2644 filii
839 2586 921 2668 ejus·
954 2597 985 2690 et
986 2607 1140 2671 operue-

68 2674 146 2748 runt
167 2708 199 2748 se
222 2688 339 2769 ciliciis,
361 2700 391 2749 et
411 2664 592 2772 planxerunt
615 2691 713 2754 valde.

153 2814 253 2876 Item
272 2816 349 2878 HL:
392 2817 435 2880 Et
446 2820 642 2905 congregati
668 2832 740 2882 sunt
761 2818 882 2901 (Judaei
905 2843 973 2882 oum
994 2821 1138 2887 adsersus
1168 2824 1170 2831 ’

67 2940 124 2982 eos
148 2921 256 2979 missus
280 2933 358 2982 esset
383 2925 540 2985 exereitus
555 2926 715 3003 aLysia)
725 2936 756 2988 et
778 2943 926 2990 venerunt
953 2931 985 2987 in
1010 2928 1139 3013 Maspha

69 3037 180 3085 contra
201 3025 404 3089 Hierusalem:
425 3031 496 3114 quia
515 3029 601 3093 loeus
621 3028 770 3111 orationis
792 3047 857 3094 erat
877 3037 909 3094 in
923 3033 1050 3117 Maspha
1070 3044 1140 3094 ante

69 3133 105 3191 in
126 3129 228 3192 Israel.
270 3132 313 3194 Et
332 3134 541 3199 ieiunaverunt
559 3136 696 3216 illudit,
719 3151 749 3199 et
770 3140 936 3199 induerunt
966 3159 998 3198 se
1022 3139 1139 3216 ciliciis,

68 3247 102 3308 ct
124 3238 257 3299 cinerem
272 3241 483 3327 imposuerunt
504 3246 685 3328 eapitisuo,
709 3255 739 3306 et
753 3232 943 3308 disoiderunt
964 3247 1140 3307 vestimenta

67 3364 137 3421 sua,
160 3356 228 3407 eto.

154 3451 194 3512 Il.
216 3452 338 3516 Maoh.
365 3454 435 3516 nt:
477 3453 701 3542 dooinutaeque
731 3459 872 3522 mulieres
898 3459 993 3571 oilieis
1019 3469 1138 3583 peetus,

66 3581 128 3644 per
147 3559 261 3643 plateas
287 3561 491 3624 confluebant.
847 3604 860 3616 -

154 3667 293 3730 Matth.
315 3670 390 3732 XL:
428 3669 494 3732 Vae
516 3668 574 3732 tihi
607 3671 770 3750 corozain,
802 3692 857 3739 vae
884 3671 942 3731 tibi
963 3667 1136 3746 Bethsaida,

68 3776 148 3858 quia
168 3778 193 3837 si
209 3758 344 3854 inTyro
366 3789 397 3838 et
415 3777 533 3840 Sidone
553 3767 651 3839 lacteo
667 3767 767 3839 essen't
785 3781 921 3853 uirtutes,
943 3773 1020 3856 quae
1041 3774 1140 3834 factae

69 3893 146 3943 sunt
165 3885 199 3942 in
218 3882 325 3962 uobis,
349 3881 450 3945 olim
442 3906 474 3945 in
503 3884 605 3944 cilicio
627 3896 657 3946 et
681 3887 782 3946 cinere
797 3883 1048 3967 poenitentiam
1060 3880 1141 3962 egis·

70 4001 148 4050 sont.
189 3987 304 4051 Veium
310 4003 426 4053 tamen
446 3990 516 4055 dico
538 3992 649 4071 vohis,
675 3975 761 4068 Tyro
791 4002 822 4052 et
842 3989 969 4050 Sidoni
983 3987 1135 4048 remissius

70 4097 134 4158 erit
157 4096 190 4156 in
205 4095 254 4157 die
274 4096 397 4179 judieii,
419 4120 511 4183 quam
534 4100 1128 4163 vobis.1

155 4204 239 4263 Luc.
260 4203 319 4265 Χ..
360 4206 427 4269 Vae
450 4204 762 4284 intemeratum
786 4201 844 4266 tibi
865 4154 1058 4268 Bethsaida:
1053 4203 1140 4288 quia
