2782 4786
291 312 345 382 aa
532 274 1187 373 nascentiis-uro·
1281 348 1284 353 ,

291 489 358 553 lice
378 487 638 618 pbilosophorum
665 500 720 553 ant
751 509 887 573 unquam
921 490 1095 575 praestitit,
1126 502 1181 553 ant
1212 503 1359 576 praestare

315 588 414 636 otest.

292 599 314 659 p
374 671 426 726 Μ.
470 655 671 723 CYRIANUS
692 657 728 719 L.
748 658 790 741 Π.
812 660 899 742 epist.
919 672 939 725 2
961 658 1001 718 ad
1020 658 1191 720 Donatum:
1229 659 1355 726 Cumin

290 743 425 804 tenebris
440 756 532 824 atque
549 745 581 803 in
603 756 694 807 nocte
713 748 791 803 caeca
810 745 959 824 jacerem,
982 764 1112 824 cumque
1134 746 1166 804 in
1199 742 1264 804 salo
1286 749 1355 826 jac-

290 831 382 890 tantis
408 828 503 888 seculi
530 827 727 889 nutabundus
755 848 790 887 ac
825 826 938 888 dubius
968 828 1101 970 vestipus
1134 828 1353 893 oberrantibus

290 910 487 986 fluctuarem,
506 913 576 975 ritae
595 932 668 972 meae
681 913 811 989 nescius,
835 913 969 987 veritatis
989 932 1024 972 ac
1057 913 1122 971 nois
1139 912 1263 986 alicnus,
1291 915 1354 976 dif-

290 995 373 1058 ficile
390 1005 517 1080 prorsus
548 1016 583 1056 ac
613 997 727 1059 durum
746 1017 805 1078 pro
832 995 894 1056 illis
923 1008 997 1056 tunc
1030 995 1166 1060 moribus
1190 998 1351 1080 opinabar,

291 1081 375 1165 quod
391 1085 422 1141 in
453 1079 581 1141 salutem
614 1079 689 1141 mihi
712 1080 817 1142 divina
844 1079 1032 1164 indulgentia
1052 1080 1282 1163 pollicebatur,
1313 1098 1350 1146 nt

291 1168 361 1248 quis
382 1166 500 1246 renasci
526 1165 628 1225 denuo
657 1177 776 1247 possets
803 1175 901 1246 utque
922 1166 955 1235 in
979 1185 1088 1225 novam
1111 1166 1204 1226 vitam
1230 1165 1350 1230 lava'oro

287 1271 377 1331 aquas
394 1249 533 1312 salutaris
551 1251 715 1326 animatus,
738 1248 824 1330 quod
844 1250 932 1331 prins
945 1249 1054 1327 suerat,
1074 1261 1256 1333 exponeret:
1279 1272 1350 1313 cor-

288 1337 371 1419 poris
384 1333 455 1394 licet
477 1346 614 1395 manente
629 1354 783 1418 compage,
805 1331 958 1393 hominem
981 1336 1080 1394 animo
1102 1355 1138 1394 ac
1159 1346 1259 1396 mente
1281 1357 1349 1398 niu-

112 1430 267 1491 nepessinus,
288 1419 397 1481 taret.'
420 1415 484 1494 Qui
503 1417 675 1501 possibilis,
698 1418 832 1492 aiebam,
863 1430 910 1479 est
930 1429 1015 1478 tanta
1036 1420 1214 1495 conversio,
1243 1424 1280 1481 ut'
1299 1442 1348 1483 re-

18 1516 36 1563 t
71 1516 75 1523 '
110 1483 380 1588 ffli‘daillipente
401 1523 436 1562 ac
457 1505 624 1585 perniciter
637 1514 771 1580 exuatur,
792 1501 878 1584 quod
891 1500 938 1562 vel
958 1498 1121 1586 g'enuinnm
1135 1505 1196 1562 situ
1218 1507 1348 1566 materia

113 1584 193 1620 ΝΜ·
288 1585 435 1649 naturalis
459 1585 625 1664 obduruit,
658 1583 705 1646 vel
726 1598 906 1669 usurpatum
930 1585 984 1647 diu
1013 1588 1098 1649 senio
1119 1588 1289 1649 vetustatis
1302 1591 1346 1650 in·

289 1669 406 1732 olevit?
429 1669 488 1730 alta
508 1670 573 1730 liaec
596 1681 626 1729 et
646 1671 798 1752 profunda
817 1673 938 1753 penitus
962 1670 1064 1731 radice
1090 1670 1245 1732 sederunt
1319 1704 1324 1713 ¹

373 1766 399 1821 1.
442 1753 476 1813 B.
510 1752 752 1813 BERNARDUS
775 1776 862 1814 serm.
885 1755 923 1813 de
945 1753 1027 1814 Coen.
1050 1756 1157 1815 Domi:
1200 1757 1273 1816 Dixi
1293 1779 1350 1819 vo-

286 1838 335 1900 bis
357 1839 474 1920 saepius,
496 1857 553 1896 nec
575 1849 674 1897 mente
695 1837 831 1898 excidere
852 1836 956 1899 debete
979 1841 1123 1919 quoniam
1143 1842 1174 1899 in
1188 1861 1261 1900 casu
1284 1844 1351 1926 pri·

287 1925 328 1984 mi
350 1922 481 1982 hominis
501 1921 662 1981 cecidimus
683 1942 795 1982 omnes.
839 1920 1009 1982 Cecidimus
1025 1937 1125 1984 autem
1148 1946 1239 2008 super
1261 1946 1350 1986 acer-

286 2029 359 2066 vum
390 2004 524 2088 lapidum
557 2018 587 2066 et
608 2008 639 2065 in
660 2004 741 2068 luto:
783 2005 872 2065 Unde
893 2027 953 2066 non
981 2006 1079 2068 solum
1098 2010 1267 2090 inquinati,
1290 2011 1348 2071 sed

288 2093 377 2152 etiam
397 2088 547 2151 vulnerati
570 2101 601 2149 et
627 2091 760 2174 graviter
781 2091 912 2172 quassati
934 2094 1046 2153 sumus.
1088 2092 1197 2153 Larari
1217 2089 1348 2175 quidem'

288 2178 350 2239 cito
372 2194 544 2258 possumus,
566 2174 606 2234 ad
627 2173 788 2234 sanandam
808 2195 881 2235 vero
903 2194 978 2257 opus
999 2188 1046 2251 est
1066 2180 1223 2237 curatione
1239 2178 1344 2241 multa.

36 2262 40 2275 '
88 2310 91 2323 ,
115 2273 259 2329 buranum
287 2260 438 2320 Lavamnr
450 2262 545 2345 igitur
556 2260 587 2318 in
604 2258 765 2342 baptismo,
777 2261 849 2341 quia
865 2259 983 2319 deletur
996 2260 1238 2345 chirographum
1260 2263 1346 2333 dam·

113 2322 275 2426 liiliiilit
288 2346 418 2406 nationis
438 2355 566 2405 nostraez
588 2356 619 2405 et
640 2345 735 2427 gratia
755 2342 820 2404 liaec
841 2343 932 2404 nobis
950 2346 1122 2422 confertur,
1144 2367 1182 2406 ne
1202 2347 1266 2426 jam
1287 2368 1345 2408 no·

114 2419 603 2520 gtffimm*bis¹c0ncupiscentia
635 2439 760 2488 nocente
792 2429 817 2488 si
838 2439 936 2487 tamen
966 2449 984 2488 a
1016 2450 1163 2489 consensu
1193 2430 1344 2493 abstinea-

286 2535 370 2574 mus:
392 2526 483 2595 atque
505 2515 546 2573 ita
566 2524 710 2594 tanquam
730 2514 824 2573 sanies
851 2514 1008 2572 inveterati
1042 2512 1177 2573 liulceris
1206 2536 1343 2576 remove-

283 2609 347 2675 tur,
370 2598 442 2657 dum
462 2596 582 2657 tollitur
600 2598 753 2658 damnatio
769 2608 801 2658 et
819 2617 998 2682 responsum
1018 2600 1134 2676 mortis,
1151 2599 1239 2680 quod
1259 2605 1344 2685 prius

282 2681 355 2741 iude
377 2679 528 2742 manabat.
1273 2714 1295 2725 v·

366 2778 396 2832 2.
440 2761 667 2824 CYPRIANUS
699 2766 731 2824 in
758 2784 898 2826 sermone
925 2762 964 2827 de
990 2761 1142 2850 baptismo
1169 2767 1339 2845 CHRISTI,

284 2859 315 2909 et
334 2849 573 2909 manifestatione
599 2851 773 2910 Trinitatis:
814 2851 906 2910 Bonis
928 2872 1005 2934 saepe
1032 2851 1183 2912 malorum
1204 2855 1340 2912 ministe-

110 2986 130 3029 Β
160 2983 178 3023 t.
193 2990 243 3022 mua
283 2936 328 2993 ria
349 2932 563 3016 suffragantur.
604 2933 762 3017 supponit
782 2935 885 3014 itaque
914 2939 1059 2995 cervicem
1089 2948 1223 2995 sanctam
1245 2937 1340 2996 mani-

110 2995 216 3077 adl'niis,
230 3027 271 3089 ali·
284 3018 342 3078 bus
363 3016 494 3078 hominis
515 3008 669 3077 humilitas
690 3017 904 3101 redemptoris,
927 3032 957 3080 et
978 3020 1048 3079 licet
1061 3019 1187 3102 plenam
1201 3041 1263 3080 non
1284 3019 1343 3079 ha-⁸

109 3082 261 3174 οὶιιξῗῖἶῗ
263 3101 272 3111 ’
283 3104 355 3163 beat
375 3105 526 3178 virtutem,
548 3103 678 3184 suscipit
695 3114 795 3162 tamen
817 3103 1010 3163 CHRISTUS
1032 3103 1181 3186 baptisma
1201 3105 1337 3164 Joannis.

281 3185 480 3271 Praeparabat
499 3189 576 3246 viam
598 3187 731 3247 Domino
751 3188 881 3247 loannes
902 3187 1032 3248 lavando
1052 3191 1178 3248 exterius
1198 3207 1359 3271 corpora,¹

281 3283 318 3332 nt
339 3272 525 3354 praecederet
549 3272 683 3331 'exterius
710 3272 864 3331 lavacrum
893 3283 1092 3354 aequaturum
1118 3273 1288 3356 baptisma,
1309 3274 1340 3332 iu

282 3359 345 3437 qno
368 3356 559 3417 conferretur
580 3357 746 3415 animarum
768 3356 903 3431 ablutio,
926 3368 956 3416 et
975 3371 1171 3439 peccatorum
1191 3357 1339 3417 remissio.

106 3434 239 3507 animarum
280 3439 450 3515 Praecessit,
470 3440 555 3520 quod
576 3453 641 3501 erat
662 3461 697 3499 ex
717 3453 822 3523 parte,
851 3451 886 3500 nt
908 3444 1127 3502 consummatio
1148 3452 1339 3522 sequeretur.

106 3499 273 3597 {llllffffieill
367 3537 396 3590 5.
438 3524 545 3582 IDEM
565 3524 603 3584 de
630 3523 786 3586 ablutione
802 3524 937 3608 pedum:
980 3525 1098 3587 Ornata
1126 3539 1157 3587 et
1186 3525 1341 3587 honorata

106 3601 246 3690 fflfflw·
283 3619 329 3669 cst
349 3605 486 3667 Ecclesia
507 3610 594 3688 quasi
615 3609 790 3691 paradisus,
811 3611 844 3668 in
866 3608 1072 3693 amplitudinis
1100 3632 1161 3670 snae
1190 3609 1339 3670 umbilico

107 3693 203 3741 ’Μ’
218 3696 257 3740 14·
281 3694 399 3753 fontem
420 3693 577 3751 continens
597 3694 701 3775 gratiae
722 3694 894 3778 singularis,
916 3693 1040 3755 flumina
1067 3715 1174 3756 creans
1195 3697 1229 3755 in
1247 3695 1338 3755 vitam

280 3789 421 3838 aternam
448 3775 599 3854 salientia,
619 3779 716 3839 viram
734 3776 852 3839 babens
874 3780 1023 3861 originem
1047 3793 1077 3840 et
1095 3781 1259 3840 decursum
1280 3796 1339 3861 pe·

278 3859 411 3939 rennein.
453 3860 533 3920 Hinc
565 3862 749 3944 egredientia
784 3874 917 3944 quatuor
949 3864 1093 3947 evangelii
1120 3863 1262 3938 flumina,
1282 3880 1340 3944 per

279 3947 452 4006 unnersum
472 3945 619 4004 mundum
640 3967 743 4007 secum
762 3950 997 4029 regenerationis
1019 3947 1150 4010 evehunt
1172 3949 1337 4022 lavacrum,

200 4041 310 4118 ,met
331 4029 370 4089 de
390 4028 495 4088 abdito
517 4041 548 4089 ct
568 4032 768 4091 secretissimo
809 4031 942 4113 Spiritus
974 4034 1070 4093 sancti
1091 4054 1217 4094 munere
1240 4031 1338 4110 hujus

102 4089 381 4196 aanitilaeagnatiae
402 4112 510 4196 liquor
530 4126 656 4188 emanat,
677 4118 722 4177 sio
742 4115 848 4183 lavans
867 4137 945 4197 quos
970 4119 1132 4199 parentalis
1153 4107 1237 4179 labes
1258 4113 1339 4176 infe-

99 4176 242 4273 a'iume'm‘
274 4207 370 4278 wat,
385 4206 425 4259 nt
443 4217 500 4260 uec
520 4199 648 4262 actualia
668 4221 726 4264 nec
745 4200 901 4286 originalis
923 4202 1049 4283 macula,
1070 4203 1174 4288 aliqua
1193 4202 1244 4264 sni
1261 4206 1337 4287 pust
