2790 4792
275 331 354 401 214
444 320 594 385 ’.ΒΕ
637 322 1097 394 sacrament-0

275 508 428 574 monebat
470 509 525 570 llis
556 510 705 594 acceptis,
727 511 775 573 vir
797 510 876 589 Dei,
898 509 1039 596 depone,
1065 510 1186 591 lnquit,
1216 530 1239 573 o
1258 522 1344 595 pater

277 595 330 658 hic
348 592 450 654 decem
462 612 564 678 panes,
584 606 614 655 et
633 614 731 676 aquae
748 594 899 679 lagenam:
918 617 989 657 nam
1011 596 1038 655 si
1066 615 1179 677 corpus
1202 594 1270 657 eibi
1303 599 1346 657 in·

278 679 384 764 digere
403 697 535 755 sensero,
555 698 672 739 sumam
692 678 788 739 illum.
830 680 933 757 Recte,
952 680 1055 760 inquit
1068 678 1128 739 ille.
1173 679 1250 739 Mox
1275 702 1346 764 pane

279 776 310 824 et
335 784 414 845 aqua
441 763 593 846 deposita,
615 763 698 823 fores
722 761 891 840 obstruxit,
915 777 952 825 ut
980 765 1123 844 jusserat.
1170 763 1249 823 Post
1275 787 1345 846 qua-

280 848 420 930 draginta
441 847 504 907 dies
519 868 656 908 reversus
673 847 790 925 Bassus,
813 847 924 908 dirutis
938 848 1058 909 foribus
1076 844 1269 930 iirgr'editur,
1295 871 1344 932 pa·

279 952 413 1013 numque
434 952 595 991 numerum
614 945 645 992 et
662 954 758 1014 aquae
780 931 915 1017 lagenam
935 934 987 1009 ita,
1002 942 1038 990 ut
1056 931 1236 1012 reliquerat,
1255 947 1344 993 certe:

282 1028 313 1076 at
344 1014 431 1075 illum
458 1019 640 1092 exanimem,
662 1028 755 1099 atque
787 1020 924 1091 mutum,
952 1029 982 1077 et
1011 1014 1198 1075 immobilem
1228 1018 1344 1078 invenit

108 1093 267 1187 gffi'gffi‘
283 1101 386 1176 Quare
411 1112 535 1182 accepta
562 1103 692 1183 spongia
713 1100 798 1160 labra
816 1101 898 1161 illius
917 1103 1051 1183 primum
1074 1098 1258 1177 madefacit,
1282 1122 1344 1161 mor

106 1192 247 1247 anseperto.
283 1185 457 1245 divinorum
477 1187 691 1261 mysteriorum
705 1184 1018 1268 symbolaimposuit:
1053 1182 1167 1264 quibus
1182 1184 1236 1244 ille
1254 1187 1346 1245 rel'ec·

230 1302 233 1307 ·
281 1281 333 1330 tus
357 1270 503 1344 surrexit,
526 1290 561 1328 ac
584 1271 647 1328 cibi
670 1268 891 1351 aliquantulum
910 1264 1055 1351 sumpsit,¹
1073 1264 1206 1328 lactucas
1228 1270 1345 1344 scilieet,

282 1355 418 1429 cicoria,
446 1353 566 1435 aliaque
591 1352 780 1434 hujusmodi,
804 1374 898 1434 aquas
929 1353 1071 1414 dentibus
1103 1372 1165 1411 nou
1187 1353 1346 1415 admodum

281 1437 438 1497 confectas
459 1435 633 1498 dimittebat
664 1440 696 1499 in
725 1436 926 1498 stomachum..
968 1438 1067 1512 Quam
1094 1456 1158 1495 rem
1188 1437 1347 1498 admiratus

281 1519 410 1596 Bassus,
432 1522 463 1580 in
486 1522 646 1605 proprium
686 1542 860 1607 gregem-se
887 1524 1025 1603 recepit,
1058 1540 1265 1602 magnumque
1297 1522 1349 1582 hoc

281 1603 462 1667 miraculum
483 1608 545 1665 suis
564 1609 724 1684 enarravit,
746 1604 903 1689 quosplus
918 1626 1008 1687 quam
1031 1604 1180 1664 ducentos
1205 1606 1348 1667 habebat:

282 1687 352 1748 illos
376 1699 477 1750 tamen
500 1704 600 1772 neque
623 1693 803 1770 jumentum,
822 1710 922 1773 neque
948 1688 1043 1749 molas
1064 1689 1236 1772 possidere,
1255 1710 1349 1772 neque

282 1769 387 1831 allatas
407 1775 551 1855 pecunias
581 1777 730 1858 accipere,
754 1795 855 1857 neque
880 1776 1054 1834 monasterii
1078 1771 1213 1850 foribus,
1244 1774 1349 1835 autad

283 1874 332 1914 res
353 1859 533 1916 necessarias
551 1860 723 1940 parandas,
749 1870 802 1918 aut
826 1858 864 1917 ad
896 1861 1008 1918 amicos
1035 1856 1213 1919 invisendos
1240 1860 1349 1943 egredi,

283 1939 338 1997 sed
353 1941 436 1998 intus
456 1960 587 2015 manere,
611 1952 641 2000 et
663 1941 695 2001 id
718 1954 846 2016 tantum,
866 1942 951 2024 quod
982 1942 1114 2025 Spiritus
1138 1944 1236 2003 sancti
1257 1945 1350 2026 gratia

281 2020 341 2080 sibi
361 2023 485 2082 missum
512 2023 626 2099 fuisset,
651 2027 792 2107 accipere·
811 2025 941 2086 volebat.

300 2098 309 2111 “
367 2118 416 2174 1ο.
456 2105 665 2169 EVAGRIUS
696 2106 904 2169 scholasticus
935 2109 1040 2169 eccles.
1077 2109 1150 2174 hist.
1182 2109 1216 2173 L.
1239 2109 1291 2173 1V.
1323 2131 1348 2170 c.

107 2177 349 2319 fflfflfllgjssm
392 2191 570 2275 Epiphanio
589 2203 714 2253 mortuo
735 2195 766 2251 in
789 2192 860 2252 sede
875 2193 1210 2275 constantinopolitana
1230 2214 1347 2253 succes·
1383 2200 1386 2207 '

250 2292 263 2320 0

107 2279 138 2318 tit
159 2279 216 2320 Nica
265 2279 323 2336 ·sit
342 2275 481 2337 Maenas:
504 2277 594 2357 cujus
614 2275 805 2361 temporibus
826 2278 1005 2337 miraculum
1030 2278 1147 2338 editum
1170 2278 1230 2337 fuit
1260 2276 1350 2361 plane

106 2339 148 2367 rua
157 2328 174 2368 1.
180 2337 213 2376 17.
245 2335 274 2373 at.

106 2376 172 2417 noar.
195 2390 215 2418 a.
239 2360 490 2423 inmemorabile.
532 2360 629 2423 Vetus
653 2363 711 2422 fuit
732 2363 922 2422 consuetudo
945 2361 1229 2443 Constantinopoli,
1250 2374 1295 2438 ut,
1328 2365 1351 2421 si

106 2424 416 2528 fffllssss'ssff'quando·
435 2444 549 2505 multae
571 2445 737 2507 admodum
754 2446 921 2529 particulae
942 2448 1014 2529 puri
1036 2459 1066 2506 et
1083 2446 1267 2506 immaculati
1284 2466 1352 2506 cor-

105 2523 371 2612 r⁰=¹⁸¹³⁰¹¹¹¹⁰¹p0ris
391 2530 552 2592 CllRlSTl
571 2532 630 2590 Dei
647 2532 744 2590 nostri
763 2542 965 2614 superessent,
984 2533 1074 2613 pueri
1098 2529 1285 2613 impuberes,
1300 2531 1351 2612 qui

105 2570 135 2610 ad
150 2572 249 2614 eundem

105 2619 273 2720 mamm
283 2612 402 2672 scholas
423 2613 677 2694 frequentabant,
698 2628 945 2690 accerserentur,
983 2636 1091 2696 easque
1121 2615 1349 2675 manducarent

107 2716 185 2757 earm
202 2699 258 2760 aa!
283 2696 380 2772 Quod
412 2717 482 2756 cnm
509 2698 625 2757 factum
645 2697 715 2772 luit,
747 2696 832 2760 filius
856 2699 1015 2780 cujusdam
1037 2699 1189 2775 hominis,
1223 2699 1351 2760 Hebraei

106 2772 211 2820 ‘¹⁰⁹”‘⁰'·
281 2780 407 2860 quidem
421 2781 574 2863 opinione,
598 2792 662 2841 arte
688 2782 790 2843 autem
813 2784 938 2861 vitrarii,
963 2804 1024 2844 una
1058 2805 1128 2843 cum
1155 2782 1261 2865 pulcris
1284 2804 1351 2843 rer-

279 2875 363 2925 satus
390 2875 450 2923 est:
474 2866 527 2946 qui
552 2865 677 2944 quidem
693 2865 872 2948 putentibus
891 2867 1141 2950 percontantibus
1161 2866 1200 2926 ab
1223 2888 1261 2929 eo
1275 2888 1349 2927 cau-

279 2952 342 3008 sam
371 2968 483 3024 morae,
503 2948 679 3030 respondit,
708 2928 826 3035 pilius
859 2968 891 3010 se
915 2952 1044 3027 habuit,
1066 2972 1159 3032 seque
1183 2970 1256 3009 cum
1288 2951 1349 3010 aliis

276 3034 382 3116 pueris
401 3033 517 3114 pariter
532 3031 707 3093 comedisse.
750 3034 905 3095 Hebraeus
925 3035 997 3111 bile,
1024 3036 1154 3111 furore,
1178 3047 1210 3095 et
1229 3035 1350 3096 iracun-

278 3117 330 3177 dia
349 3115 559 3194 inflammatus,
579 3118 611 3176 in
632 3112 786 3178 clibanum·
809 3119 975 3197 ardentem,
999 3120 1031 3179 in
1056 3140 1119 3200 qno
1143 3118 1256 3179 vinum
1285 3120 1350 3181 fon

276 3220 362 3260 mare
383 3200 512 3277 solebat,
528 3221 658 3281 puerum
679 3203 816 3283 conjicit.
858 3203 1026 3286 Postquam
1051 3224 1125 3263 vero
1151 3215 1249 3263 mater
1270 3224 1347 3288 pue·

275 3287 553 3365 rumquaeritans,
576 3286 710 3368 reperire
733 3306 796 3347 non
818 3293 932 3370 potuit,
952 3290 1061 3372 passim
1091 3309 1147 3369 per
1170 3299 1270 3347 totam
1293 3308 1349 3348 ur-

271 3367 346 3430 bem
368 3368 443 3445 ibat,
466 3370 565 3431 Deum
589 3390 659 3429 cum
679 3373 792 3454 gemitu
817 3371 986 3449 obtestans,
1016 3385 1046 3432 et
1065 3370 1350 3432 flebilibus-lamen-

274 3457 314 3512 tis
333 3475 365 3513 se
385 3442 508 3514 dedens.
550 3453 667 3514 Triduo
690 3468 790 3515 autem
813 3471 892 3539 post,
917 3456 956 3516 ad
978 3458 1089 3517 ostium
1122 3453 1261 3516 officinae
1291 3456 1348 3516 viri

274 3539 320 3596 sui
346 3538 525 3611 consistens,
546 3537 634 3598 luctu
652 3532 865 3600 miserabiliter
889 3541 1191 3616 divexataj't'tomine
1220 3559 1348 3622 puerum

274 3619 445 3703 compellat.
487 3621 580 3698 Puer,
598 3624 703 3682 matris
719 3636 825 3685 'vocem
842 3638 876 3684 ut
894 3626 1026 3709 agnovit,
1044 3618 1195 3684 celibano
1217 3642 1346 3706 respun—

272 3722 338 3762 sum
372 3703 434 3764 dat.
477 3706 588 3781 Mater,
621 3707 750 3768 effractis
778 3707 921 3784 foribus,
952 3711 1047 3768 tatros
1071 3707 1235 3789 irrumpit:
1252 3704 1348 3765 'videt

272 3806 404 3868 puerum
422 3790 454 3848 in
467 3789 572 3848 mediis
592 3790 781 3851 carbonibus
802 3791 1002 3854 candentibus
1016 3794 1244 3867 consistentem,
1259 3788 1344 3850 illae-

272 3888 340 3930 sum
360 3869 398 3931 ab
412 3874 488 3954 ignis
510 3874 662 3935 incendio.
701 3877 770 3951 ‘Qui
793 3898 862 3937 cum
882 3888 1052 3959 rogaretur,
1070 3895 1135 3958 quo
1151 3888 1244 3957 pacto
1260 3873 1347 3935 illue·

96 3939 247 4044 ss'sslffllm
274 3974 326 4015 sus
347 3958 501 4034 manserit,
521 3959 643 4034 Mulier,
672 3959 784 4041 inquit,
805 3968 887 4020 veste
909 3967 1019 4020 amicta
1049 3978 1209 4044 purpurea
1234 3957 1347 4020 crebro

173 4015 214 4057 ⁸'
271 4038 311 4097 ad
336 4042 493 4116 mevenit,
520 4045 659 4122 porrexit
677 4060 798 4124 aquarn,
820 4060 882 4123 qua
908 4042 1080 4104 carbonum
1113 4042 1247 4102 flammas
1272 4062 1349 4103 cor·

269 4141 327 4204 pus
348 4116 513 4185 ambientes
542 4127 762 4210 extinguerem:
797 4126 901 4187 cibum
928 4128 1060 4210 denique
1082 4127 1183 4203 dedit,
1223 4128 1345 4208 quoties

269 4205 452 4273 esuriebam.
495 4208 566 4287 Qua
594 4229 629 4272 re
663 4211 704 4273 ad
726 4206 930 4311 lastinianum
956 4213 1251 4297 pedatu-puerum·
1273 4231 1342 4273 eum

100 3590 250 3640 maedan.
