2790 4792
364 276 836 431 'aarr1sut‚,
1080 341 1131 412 51

65 523 154 609 plere
177 516 342 604 intelligas.
382 516 476 594 Quod
498 537 537 577 ne
560 515 743 594 conjectura
759 535 775 574 a
792 535 847 592 me,
867 516 921 580 sed
942 538 1131 582 vem-sensu

70 609 191 667 dietum
210 605 304 664 intelli
344 622 367 678 s,
397 602 479 661 audi
497 598 644 660 Paulum:
682 599 872 681 Consepulti,
895 605 1006 684 inquit,
1025 625 1130 665 sumne

70 713 141 750 cum
165 689 221 747 allo
241 625 492 770 perb'aptismum
508 687 540 744 in
559 693 695 740 mortem.
737 683 919 745 Etiterum:
941 672 1056 749 Noster
1076 710 1129 748 ve·
1141 703 1303 755 cotoneum.

71 787 121 835 tus
141 773 233 833 homo
252 772 338 831 simul
358 768 518 831 crucifixus
541 778 595 827 cst.
636 764 678 849 Et
692 767 816 826 iterum:
838 768 1037 854 Complantati
1058 771 1131 833 facti
1142 755 1239 847 fflffi'
1250 764 1275 803 δ”

72 879 176 918 sumus
198 857 384 916 similitudini
404 856 511 914 mortis
531 854 609 930 ejus.
643 874 648 889 r
712 874 715 881 ·
885 876 887 883 ,
944 864 947 869 ’

159 955 186 1007 1.
210 942 241 999 C.
285 937 512 1000 CONCILIUM
529 937 633 993 Later-‚¹
645 952 742 1016 magn.
758 954 822 994 can.
846 935 886 996 I.:
906 939 1133 1001 Sacramentum

68 1025 228 1107 baptismi,¹
244 1025 330 1104 quod
349 1023 389 1083 ad
407 1020 629 1083 invocationem
652 1018 825 1077 individuae
853 1023 1020 1100 Trinitatis,
1043 1023 1134 1083 vide-

69 1109 141 1168 licet
162 1109 262 1166 Patris
289 1121 320 1168 et
339 1106 412 1168 Filii
427 1117 461 1165 et
481 1103 616 1182 Spiritus
634 1103 738 1177 sancti,
770 1116 963 1165 consecratur
986 1110 1017 1166 in
1042 1127 1132 1188 aqua,

69 1205 129 1252 tam
149 1191 283 1275 parvulis
305 1211 397 1274 quam
421 1187 540 1248 adultis
557 1186 589 1242 in
612 1184 712 1244 forma
733 1185 886 1248 Ecclesiae
906 1209 924 1247 a
948 1210 1146 1272 quocunque·

70 1279 127 1335 rite
152 1276 305 1351 collatum,
323 1267 451 1356 proficii
475 1269 513 1328 ad
538 1269 674 1328 salutem.

152 1374 183 1426 2.
225 1359 277 1420 Et
307 1355 473 1416 concilium
498 1350 726 1410 Florentinum
758 1351 872 1413 Forma
900 1351 993 1433 hujus
1026 1342 1306 1434 Sacra-{fflfflssff

69 1447 174 1503 menti
202 1453 262 1502 est:
295 1441 366 1520 Ego
395 1449 427 1495 tc
457 1435 581 1516 baptizo
603 1434 634 1493 in
655 1436 775 1493 nomine
795 1434 912 1511 Patris,
941 1449 972 1497 et
993 1434 1086 1512 Filii,
1109 1442 1306 1495 et¹¹¹¹¹¹0²ssr¹¹⁶=

66 1529 205 1608 Spiritus
227 1524 332 1582 sancti.
373 1521 444 1578 Non
456 1532 554 1578 tamen
574 1538 725 1599 negamus,
746 1521 819 1598 quin
840 1532 870 1579 et
888 1540 944 1601 per
958 1518 1010 1579 illa
1028 1518 1138 1579 verbae
1150 1500 1234 1532 “m

67 1613 250 1691 Baptizatur
276 1603 345 1662 talis
375 1623 462 1662 servu
501 1601 661 1661 CHRISTI
681 1603 711 1660 in
733 1605 851 1663 nomine
873 1605 986 1685 patris,
1017 1614 1048 1663 et
1079 1600 1137 1675 filii

72 1707 106 1752 et
118 1691 248 1771 spiritus
260 1689 364 1760 sancti,
374 1685 437 1744 vel:
460 1622 637 1767 baptizatur
648 1684 784 1745 manibus
797 1689 869 1746 meis
883 1687 953 1747 talis
966 1690 996 1746 in
1012 1690 1136 1748 nomine
1232 1722 1237 1731 ·
1314 1690 1319 1697 '

71 1785 184 1860 patris-
196 1782 226 1830 et
244 1769 296 1830 filii
319 1781 348 1830 et
369 1771 497 1850 spiritus
513 1771 618 1843 sancti,
644 1789 748 1828 verum
767 1767 945 1851 perficiatur
968 1771 1133 1855 baptisma:

70 1858 222 1940 quoniam
245 1875 311 1913 cum
332 1852 507 1934 principalis
529 1873 616 1912 causa
629 1895 638 1927 ,
669 1872 781 1934 enque
797 1853 966 1936 baptismus
989 1858 1135 1916 virtutem

69 1943 177 2014 habet,
200 1941 238 1997 sit
250 1950 350 1996 sancta
370 1938 515 1997 Trinitas:
538 1937 772 1996 instrumentalis
795 1953 894 2001 autem
906 1981 909 1985 -
922 1942 962 2000 sit
984 1943 1132 2016 minister,

72 2031 126 2108 qui
161 2022 258 2082 tradit
280 2022 410 2080 exterius
435 2019 674 2096 Sacramentum,
700 2023 726 2080 si
756 2026 936 2105 exprimitur
956 2037 1051 2100 actus,
1077 2027 1132 2105 qui

71 2132 128 2193 per
151 2109 251 2189 ipsum
268 2117 421 2165 exercetur
437 2107 618 2181 ministrum,
645 2126 715 2164 eum
733 2119 851 2168 sancmc
863 2109 1022 2169 Trinitatis
1042 2111 1132 2168 invo-

77 2195 208 2266 catione,
225 2187 386 2272 perficitur
413 2201 663 2251 sacramentum·
747 2211 749 2215 ·

158 2289 187 2343 3.
228 2272 483 2333 AUGUSTINUS
506 2272 544 2332 de
565 2272 716 2354 baptismo
736 2285 827 2334 cont.
851 2276 1002 2350 Donatist
1022 2278 1057 2336 L.
1077 2270 1309 2358 VI..⁰⁰.‘,²⁸⁵⁸P²¹'·

77 2383 103 2421 c.
124 2373 189 2426 um:
234 2359 323 2418 Certa
344 2357 396 2416 illa
419 2356 590 2438 evangelica
620 2355 730 2426 verba,
753 2359 826 2417 ‘sine
849 2357 965 2438 quibus-
991 2379 1055 2418 non
1074 2332 1308 2439 po-iiseiiiii”⁰'

74 2457 133 2506 test
145 2444 312 2524 baptismus
330 2443 516 2516 consecrari,
536 2451 653 2500 tantum
672 2441 783 2516 valent,
805 2450 841 2499 ut
861 2461 916 2522 per
929 2441 979 2500 illa
1001 2444 1046 2500 sio
1067 2462 1138 2502 eva·
1226 2478 1229 2485 ·

75 2540 220 2602 crentur,
242 2526 496 2608 quaecunque-in
519 2545 612 2605 prece
635 2524 746 2584 vitiosa
776 2535 879 2582 contra
904 2524 1040 2608 regulam
1058 2524 1138 2586 'fidei
1213 2578 1216 2583 .

75 2615 233 2685 dicuntur,
255 2609 514 2694 quemadmodum
546 2607 738 2668 daemonium
767 2607 922 2669 CHRISTI
944 2611 1065 2669 nomine
1086 2632 1139 2670 er-

77 2697 225 2759 clnditur.
280 2696 323 2754 Et
344 2693 437 2776 paulo
459 2703 565 2775 posta¹
592 2693 625 2752 Si
652 2705 753 2751 autem
776 2693 840 2774 ipse
861 2693 956 2752 malus
978 2707 1022 2754 est
1044 2706 1138 2774 atque

50 2798 54 2815 ··
74 2799 249 2866 perversus,
278 2781 304 2837 si
327 2798 449 2861 precem
470 2780 616 2858 integram
639 2776 730 2853 dicat,
752 2787 783 2836 et
802 2777 887 2838 nulla
907 2791 1043 2860 exparte
1063 2776 1138 2839 fidei

77 2863 245 2926 catholicae
257 2861 420 2934 adversam,
443 2882 502 2939 non
523 2861 592 2919 ideo
614 2862 678 2942 ipse
698 2873 799 2920 rectus
821 2874 875 2936 est,
897 2865 967 2943 quia
981 2862 1138 2923 illa.1·ecta

18 2974 23 2983 ·
76 2962 138 3010 est:
163 2957 195 3005 et
216 2946 293 3003 siin
315 2943 466 3023 aliquibus
480 2965 652 3026 perversam
672 2966 794 3027 precem
815 2944 933 3019 afferat,
948 2946 1032 3005 Deus
1054 2947 1139 3005 adest

75 3033 183 3095 verbis
216 3026 389 3108 evangelicis
417 3029 497 3104 suis,
539 3030 607 3088 sine·
625 3029 739 3109 quibus
772 3030 940 3110 baptismus
978 3029 1140 3088 CHRISTI

76 3112 255 3178 consecrari
275 3129 339 3168 non
350 3121 460 3190 potest,
483 3123 513 3169 et
532 3114 597 3193 ipse
610 3111 780 3173 sanctificat
792 3112 1015 3170 Sacramentum
1042 3132 1140 3187 suum,
1191 3132 1194 3137 ’

75 3215 110 3263 nt
131 3196 264 3270 homini,
294 3195 356 3252 sive
375 3203 531 3272 antequam
551 3195 755 3278 baptizetur,¹
773 3198 836 3255 sive
857 3216 927 3253 cum
957 3193 1140 3275 baptizatur,

76 3289 140 3346 sive
172 3291 282 3365 postea
313 3274 497 3358 quandoque
519 3277 557 3336 ad
585 3300 616 3338 se
637 3283 784 3340 veraciter
806 3298 970 3352 converso,
992 3275 1023 3337 id
1043 3282 1141 3361 ipsum

74 3369 174 3430 valeat
197 3361 385 3431 adsalutem,
398 3358 483 3439 quod
505 3360 543 3418 ad
563 3365 733 3442 perniciem,
748 3365 806 3423 nisi
830 3375 1068 3437 converteretur,
1088 3383 1142 3425 vae

76 3453 152 3514 leat.
195 3448 354 3507 Caeterum
377 3444 446 3524 quis
466 3445 587 3519 nesciat,
608 3467 670 3506 non
683 3469 745 3509 csse
762 3447 947 3530 baptismum
970 3443 1141 3525 CHRISTI,

78 3539 106 3597 si
123 3532 216 3592 verba
236 3529 417 3614 evangelica,
428 3525 543 3607 'quibus
556 3528 724 3600 symbolum
742 3543 874 3609 constat,
897 3528 958 3591 illic
971 3528 1143 3590 defuerint?

77 3617 144 3682 Sed
167 3615 282 3675 facilius
310 3613 507 3672 inveniuntan·
530 3609 699 3689 haeretici,
724 3615 777 3694 qui
810 3620 934 3676 omnino
955 3612 1019 3675 non
1040 3613 1144 3697 bapti-

75 3713 159 3778 zent,
181 3719 272 3780 quarn
293 3701 347 3780 qui
368 3694 514 3754 non..illis
535 3695 635 3753 verbis
655 3696 817 3777 baptizent.
1045 3758 1049 3765 ,
1127 3707 1130 3711 “
1217 3704 1242 3734 a

166 3797 198 3853 4.
241 3779 427 3842 DIDYMUS
447 3777 671 3839 Alexandrinus
691 3781 725 3838 L.
746 3781 788 3845 ΙΙ.
810 3780 848 3840 de
867 3781 971 3864 Spirit.
993 3803 1036 3842 s..·
1065 3780 1144 3856 Quis
1174 3824 1177 3829 >

79 3892 142 3934 non
164 3888 202 3929 ex
223 3868 288 3950 ipsa
310 3877 438 3947 cogetur
458 3864 586 3924 veritate
600 3860 751 3945 suscipere
772 3862 1006 3925 indifferentiam
1026 3876 1148 3925 sanctae
1234 3865 1237 3871 ’

81 3954 258 4028 Trinitatis,
280 3951 353 4010 dum
376 3968 438 4008 una
460 3951 500 4009 sit
521 3947 599 4009 fides
616 3948 648 4005 in
666 3947 779 4024 Patre,
802 3959 832 4008 et
851 3947 952 4026 Filio,
972 3961 1003 4009 et
1022 3949 1144 4030 Spiritu

87 4051 207 4099 smctoe
236 4046 269 4094 et
297 4034 451 4094 lavacrum
473 4031 565 4094 detur
595 4041 688 4112 atque
718 4028 860 4095 firmetur
878 4032 1066 4097 innomine
1082 4031 1143 4097 Pa·

89 4125 152 4197 tria,
177 4132 211 4182 et
231 4118 322 4194 Filii,
341 4129 373 4177 et
393 4117 527 4200 Spiritus
548 4115 670 4189 sanctii
709 4108 1318 4199 Nonerbiuouquemquimromari-
1343 4132 1346 4140 ⁴

1157 4165 1205 4203 lata
1213 4173 1265 4202 esse
1272 4170 1318 4217 nup

86 4218 150 4267 tam
165 4202 448 4287 recordemiatuue
463 4192 794 4280 immansuetorum,
812 4214 857 4265 ut
877 4199 1047 4286 perfeetum
1067 4197 1233 4280 bap-auu.

182 4310 193 4330 ,
890 4307 954 4391 μ
