2790 4792
306 268 906 389 aar-numerian*
985 303 987 307 ¹
1052 295 1130 366 las

152 495 184 563 a.
225 482 414 548 DAMASUS
433 479 527 542 Pont.
547 481 580 540 in
600 476 746 561 potifieali
776 475 814 538 de
845 475 1016 540 Alexandro
1037 473 1133 537 Pout.

67 580 100 630 et
120 571 163 627 M.
185 567 312 649 loquens
335 570 365 627 in
381 569 476 649 ipsius
498 568 580 640 vita,
614 564 658 622 sic
685 568 746 623 ait:
789 563 846 622 Hie
867 565 1036 645 passionem
1058 560 1130 622 Do-

66 654 141 731 mini
163 655 284 713 miscuit
308 655 534 735 inprecatione
565 646 774 722 sacerdotum,
804 648 924 726 quando
945 649 1056 712 Missae
1077 666 1128 706 ce-
1137 648 1307 739 {³5:²¹3er

67 735 238 797 lebrantur.
280 736 394 796 Deinde
416 736 454 795 de
474 734 560 793 Sixto
580 733 695 813 primo:
738 730 780 790 Et
800 732 973 807 constituit,
995 742 1033 790 ut
1053 725 1262 806 Mis-utquam

68 840 171 879 sarum
192 816 336 881 actionem
359 819 515 881 sacerdote
537 817 719 896 incipiente,
752 813 887 896 populus
908 815 1051 890 hymnum
1073 803 1210 875 dem

69 916 223 981 cantaret,
245 905 389 980 Sanctus,
414 903 561 970 Sanetus,
584 899 712 958 Sanetus
734 899 882 957 Dominus
903 898 1011 958 DEUS
1032 898 1131 959 Saba-

69 986 139 1061 o'th,
162 1000 217 1049 etc.
259 989 333 1049 Item
357 988 396 1047 de
418 983 629 1064 Telesphoro:
663 983 721 1042 Hic
742 982 825 1059 fecit,
848 994 884 1042 ut
904 983 936 1042 in
957 982 1051 1044 natali
1063 983 1132 1042 Do-

65 1072 139 1129 mini
152 1073 250 1132 nostri
270 1073 368 1135 JESU
390 1067 552 1146 CHRISTI
574 1077 669 1127 noctu
678 1068 788 1127 Missae
810 1065 1047 1143 celebrarentur,
1063 1088 1132 1126 cum
1141 1078 1227 1120 uram
1247 1079 1308 1121 oct·-

65 1156 146 1214 omni
168 1156 228 1217 aiio
247 1168 387 1239 tempore
408 1163 478 1212 ante
498 1150 594 1210 horae
623 1153 730 1231 tertiae
763 1170 886 1210 cursum
918 1151 1019 1210 nullus
1042 1128 1217 1233 prae-b'm‘

65 1253 197 1300 sumeret
217 1242 326 1299 Missas
349 1235 515 1309 celebrare,
539 1236 610 1316 quia
631 1255 666 1294 ea
685 1235 764 1294 hora
784 1233 936 1295 Dominus
956 1247 1062 1294 noster
1084 1253 1135 1292 as·

63 1322 166 1384 cendit
188 1326 220 1382 in
247 1316 388 1394 crucem,
422 1330 452 1377 et
473 1329 506 1377 ut
527 1331 595 1379 ante
615 1316 797 1379 sacrificium
817 1316 948 1393 hymnus
982 1318 1135 1377 diceretur
1159 1376 1162 1383 ,

64 1407 230 1489 angelicus,
252 1405 314 1465 boc
336 1415 392 1477 est,
415 1402 519 1462 Gloria
539 1404 570 1460 iu
604 1402 726 1461 excelsis
747 1401 845 1462 DEO.
887 1401 929 1460 Et
964 1398 1002 1459 de
1030 1398 1134 1460 Felice
1143 1417 1231 1462 uranu
1248 1418 1315 1463 uta·-

62 1492 183 1573 primo:
227 1490 286 1546 Hic
306 1486 471 1546 constituit
495 1505 589 1568 supra
609 1484 771 1569 sepulchra
791 1496 844 1545 aut
871 1485 1031 1546 memorias
1051 1467 1215 1545 mar-halt

61 1585 178 1649 tyrum,
199 1572 311 1629 Missas
334 1568 493 1633 celebrari.
673 1633 680 1641 ,

149 1667 181 1720 9,
223 1652 332 1713 IDEM
372 1652 518 1712 Damasus
548 1651 675 1736 epistola
708 1649 762 1715 IV.
797 1650 836 1712 de
876 1649 1132 1735 Cborepiscopis=
1184 1662 1189 1671 ‘

64 1736 164 1813 Quod
185 1754 261 1794 vero
282 1737 323 1795 eis
343 1756 406 1795 non
427 1735 516 1796 liceat
536 1737 706 1796 sacerdotes
730 1756 919 1811 consecrare,
940 1757 998 1808 nec
1024 1736 1131 1797 diaco·
1191 1796 1195 1805 ,

64 1841 123 1881 nos
144 1829 197 1880 aut
217 1818 439 1897 subdiaconos,
458 1840 523 1880 nec
543 1822 689 1905 virgines,
718 1841 775 1880 nec
795 1819 890 1881 altare
917 1823 1047 1907 erigere,
1072 1840 1130 1880 nec

61 1925 176 1987 ungere
211 1914 264 1962 aut
295 1924 429 1978 sacrare,
451 1916 507 1964 etc.
520 1925 575 1963 nec
592 1903 717 1988 publice
730 1903 852 1987 quidem
872 1904 905 1964 in
916 1906 1008 1965 Missa
1021 1926 1130 1986 qnem-

61 2008 162 2070 quam,
178 1987 380 2066 poenitentem
402 1987 616 2064 reconciliare,
639 2001 696 2048 ete.

131 2068 198 2136 '10.
242 2069 466 2131 CONCILIUM
487 2071 627 2154 Carthag.
657 2072 698 2132 11.
721 2092 786 2132 ean.
818 2080 865 2138 3.=
906 2068 959 2131 Ab
980 2073 1130 2135 universis

62 2153 212 2236 episeopis
240 2152 351 2215 dictum
386 2164 448 2214 est:
496 2154 677 2216 Chrisinatis
711 2156 864 2215 confectio
896 2166 928 2215 et
958 2155 1132 2237 puellarum

63 2236 251 2297 consecratio
270 2258 288 2298 a
306 2238 491 2321 presbyteris
512 2260 575 2299 non
594 2236 681 2298 fiant.
722 2236 781 2298 Vel
802 2236 999 2296 reconciliare
1019 2259 1132 2318 quem·
1164 2290 1175 2329 ι
1230 2292 1270 2334 ιω

60 2320 206 2464 lepuarmlin
227 2321 353 2401 publica
372 2324 486 2400 Missa,
508 2319 693 2405 presbytero
725 2340 790 2383 non
810 2318 919 2396 licere,
942 2318 1006 2381 boe
1029 2303 1230 2382 omni-mind
1271 2293 1307 2335 ⁵⁰⁸

82 2425 117 2464 us
174 2414 249 2464 acet.
694 2426 698 2433 ·

139 2424 200 2555 II.
242 2485 472 2550 AMBROSIUS
494 2488 582 2568 epist.
603 2498 654 2552 53.
684 2482 725 2547 ad
756 2483 960 2547 Mareellinam
992 2505 1130 2547 sororem
1186 2483 1192 2491 ’

10 2612 12 2617 -
61 2592 154 2647 snam,
178 2571 216 2632 de
229 2572 385 2635 tradendis
406 2569 562 2631 basilicis:
605 2569 751 2651 Sequenti
773 2570 823 2630 die
847 2571 921 2646 (erat
941 2579 1040 2629 autem
1061 2570 1129 2629 Do-

61 2656 180 2730 mini'ca)
226 2668 275 2729 ost
294 2657 439 2716 lectiones
463 2665 555 2733 atque
575 2664 754 2729 tractatum,
785 2654 914 2714 dimissis
937 2652 1130 2715 catechume-
1224 2670 1228 2675 '

60 2742 115 2817 nis,
137 2676 312 2813 symbolum
334 2738 489 2818 aliquibus
508 2737 749 2818 competentibus
768 2740 799 2798 in
820 2737 1003 2821 baptisteriis
1024 2740 1128 2799 trade-

62 2822 133 2885 bam
154 2820 306 2880 basilicae.
349 2820 417 2889 Illic
439 2821 615 2880 nunciatum
637 2834 682 2883 est
702 2821 784 2900 mihi,
808 2835 965 2905 comperto
987 2822 1070 2904 quod
1087 2822 1127 2883 ad

59 2903 236 2969 Portianam
256 2902 411 2964 basilicam
431 2905 469 2965 de
498 2904 610 2988 palatio
644 2907 774 2967 decanos
795 2910 967 2982 misissent,
1001 2917 1032 2966 et
1060 2906 1128 2966 vela

10 2984 17 2997 '
50 2985 290 3072 suspenderent,
313 2988 422 3069 populi
444 3001 561 3070 partem
584 2988 621 3051 eo
643 3012 779 3074 pergere.
821 2993 888 3074 Ego
910 3004 1009 3050 tamen
1032 2990 1127 3049 mansi
1196 3020 1198 3025 ·
1342 3058 1344 3063 ¹

60 3075 90 3137 in
115 3089 251 3144 munere,
273 3071 395 3130 Missam
416 3071 515 3132 lacere
536 3076 633 3157 coepi.
673 3075 756 3135 Dum
777 3075 886 3149 offero,
909 3083 1030 3154 raptum
1051 3093 1127 3154 cog·
1137 3062 1236 3155 {1¹22ssss
1244 3064 1303 3131 Μ’·

60 3159 131 3218 novi
152 3175 171 3214 a
191 3153 310 3236 populo
332 3154 487 3216 Castulum
508 3158 676 3239 quemdam,
696 3179 786 3240 quem
807 3157 1020 3239 presbyterum
1042 3155 1127 3214 dice·
1213 3125 1246 3168 μ

61 3253 130 3305 rent
151 3238 284 3298 Arriani.
327 3238 418 3299 Hune
440 3253 539 3300 autem
560 3244 591 3301 in
622 3241 724 3323 platea
757 3240 947 3301 offenderant
965 3251 1127 3298 transeun-

10 3386 12 3391 ,
62 3338 115 3386 tes.
160 3320 355 3382 Amarissime
387 3322 540 3398 fle1·e„et
570 3347 656 3385 orare
685 3329 717 3386 in
744 3328 808 3406 ipsa
842 3324 997 3384 oblatione
1026 3325 1127 3382 Deum

62 3407 172 3491 coepi,
192 3417 227 3465 ut
246 3405 430 3484 subveniret,
462 3408 487 3484 *)
509 3428 564 3467 nec
584 3409 676 3488 hujus
697 3409 818 3491 sanguis
840 3409 871 3469 in
899 3429 987 3468 cansa
1017 3407 1126 3467 Eccle-
1149 3418 1173 3473 ⁶)
1187 3421 1302 3476 mentua·

63 3495 121 3553 siae
144 3490 240 3566 fieret,
263 3504 345 3550 certe
366 3503 401 3550 ut
420 3512 504 3551 meus
525 3495 645 3575 sanguis
665 3513 722 3575 pro
745 3493 842 3552 salute
863 3514 927 3554 non
948 3492 1046 3553 solum
1067 3512 1127 3574 po·

61 3576 135 3658 puli,
158 3572 212 3634 sed
235 3576 324 3635 etiam
341 3595 399 3657 pro
421 3577 493 3657 ipsis
516 3577 616 3657 impiis
642 3577 858 3637 effunderetur.
902 3576 988 3655 Quid
1009 3574 1125 3637 multa?

61 3659 159 3721 Missis
181 3659 368 3740 presbyteris
391 3672 423 3720 et
442 3659 642 3736 diaconibus,
665 3661 762 3742 eripui
784 3662 913 3741 injuriae
933 3662 1039 3733 vuum.

150 3746 197 3809 η’.
238 3743 494 3803 AUGUSTINUS
518 3765 605 3804 serm.
627 3755 677 3811 91.
701 3744 739 3803 de
759 3755 871 3826 temp:
914 3744 950 3803 In
980 3744 1122 3822 lectione,
1155 3772 1299 3820 amm..

62 3847 139 3907 quae
161 3824 250 3886 nobis
271 3825 310 3885 ad
333 3828 584 3910 Missas-legenda
604 3838 672 3900 est,
694 3827 803 3889 fratres
838 3827 1000 3903 carissimi,
1034 3828 1124 3888 audi·
1267 3858 1273 3866 ·

62 3910 125 3970 turi
147 3930 260 3987 sumus,
282 3911 369 3992 quod
388 3909 450 3973 fitii.
464 3912 559 3975 Israel
579 3922 652 3998 post
670 3913 832 3975 transitum
849 3912 943 3971 maris·
959 3909 1049 3972 rubri
1068 3933 1124 3974 ve·

61 4007 183 4071 nerunt,
206 4006 263 4056 ete.
570 4036 574 4043 -
721 4050 727 4063 ,
974 4046 983 4053 ..
1060 4049 1063 4053 .

135 4091 195 4147 45.
236 4077 343 4140 IDEM
362 4099 450 4141 serm·
470 4093 540 4149 ast·
563 4079 602 4141 de
622 4090 729 4162 tempi
772 4077 853 4142 Eece
873 4088 945 4163 post
958 4098 1125 4140 sermonem
1134 4104 1297 4156 mmm.

62 4156 100 4225 fit
117 4162 211 4226 Missa
232 4161 463 4243 catechumenis,
483 4163 649 4231 monebam
669 4161 785 4241 fideles,
805 4165 944 4229 venietur
964 4164 1004 4226 ad
1025 4160 1288 4228 Ioeum²⁰⁶¹¹¹¹⁸¹⁰¹¹³⁸‘

1139 1877 1167 1918 1³
1178 1858 1260 1932 lissa.
