2790 4792
273 332 276 339 ’
326 320 861 409 nucusnr'srrsu
988 313 989 317 '
1045 334 1137 414 nne,

71 527 186 612 aliquis
217 547 295 607 eos,
321 546 340 588 e
373 523 483 610 quibus
520 521 651 609 offensus
679 530 746 598 est,
773 519 943 608 inexilium
962 518 1127 608 pepulerit,

69 627 186 700 postea
207 634 280 674 tero
309 612 431 673 illorum
449 611 619 696 propinqui
641 605 944 688 coronam-*aliquam
962 605 1137 671 conlioieu·.

70 713 137 774 tes,
159 696 309 781 probis,
332 698 385 779 qui
405 697 527 756 suntin
546 691 716 776 supplicio,
739 689 908 770 exsulibus,
930 693 1028 752 cidem
1049 691 1130 769 offe·-

71 793 162 858 rent,
186 802 285 843 nonne
305 780 557 843 condonationem
576 779 708 856 aliquam
730 773 952 856 suppliciorum
982 778 1055 859 ipsis
1070 776 1129 836 de*-

72 865 187 940 deritl,
213 864 261 926 Ad
281 866 413 926 eundem
428 862 554 923 modum
572 874 602 921 et
629 880 685 919 nos
695 903 705 936 ,
726 874 788 942 pro
802 857 1129 942 defunctisaprecatio-

71 970 125 1009 nes
155 948 349 1026 adhibentes,
382 946 520 1031 quamtis
541 947 601 1004 sint
624 954 817 1026 peccatores,
839 964 902 1004 uon
925 943 1048 1024 quidem
1076 965 1129 1004 co-

72 1054 178 1093 ronam
201 1035 376 1117 plectimus,
408 1032 462 1093 sed
485 1026 640 1089 Christum
659 1048 716 1112 pro
736 1028 848 1088 nostris
860 1029 998 1110 peccatis
1014 1038 1129 1087 macts-
1150 1047 1290 1109 sanetum

70 1129 137 1177 tum
154 1117 328 1196 offerimus,
360 1128 397 1178 nt
415 1127 445 1175 et
460 1112 550 1172 nobis
568 1123 597 1174 et
618 1110 676 1171 illis
698 1133 781 1189 eum,
802 1113 859 1192 ‚qui
884 1123 930 1191 est
947 1101 1295 1194 benignissi-tff?¹¹¹⁸‘⁰¹¹r

69 1221 157 1278 mus,
185 1204 358 1286 propitium
383 1197 556 1260 reddamus.
607 1196 718 1256 Postea
736 1196 844 1256 dicitis¹
854 1195 934 1255 illam
951 1197 1129 1272 orationem,

70 1305 160 1366 qnam
186 1287 325 1348 Salvator
344 1286 408 1344 suis
427 1279 586 1362 discipulis
607 1280 752 1356 tradidit,
782 1300 851 1340 cum
870 1299 948 1361 pura
969 1280 1131 1338 conscien-
1175 1304 1178 1309 ·
1270 1278 1275 1285 ’

68 1371 110 1430 tia
132 1382 251 1452 patrem
269 1377 480 1448 nuncupantes
500 1364 619 1423 DEUM
631 1408 640 1439 ,
662 1359 754 1445 e'tque
775 1364 924 1424 dicentes:
956 1362 1050 1431 Pater
1073 1382 1133 1422 no-

69 1464 145 1530 ster,
176 1457 231 1534 qui
272 1473 303 1512 es
334 1454 366 1509 in
394 1447 485 1508 caelis
511 1460 569 1508 etc.
615 1447 764 1509 Sacerdos
788 1461 888 1509 antem
906 1458 1015 1529 postea
1039 1445 1131 1506 dicit:
1166 1474 1188 1517 ,-

68 1536 196 1596 Sancta¹
216 1536 335 1594 sanctis.
398 1534 463 1594 Vos
494 1532 603 1591 deinde
634 1532 839 1614 respondetis:
886 1532 972 1591 Unus
1002 1543 1131 1607 sanctus,

67 1639 150 1680 unus
173 1619 325 1677 Dominus
345 1616 462 1675 JEsth
474 1615 678 1676 CHRISTUS.
721 1616 857 1677 Audistis
873 1615 1015 1700 deinceps
1031 1616 1143 1681 divina,

70 1701 206 1784 quadam
233 1699 364 1760 melodia
394 1699 587 1783 psallentem,
619 1711 709 1781 atque
730 1700 769 1761 ad
793 1716 946 1760 sacrorum
967 1700 1131 1775 mysterio-
1238 1712 1258 1726 ”·

68 1806 142 1846 rum
166 1803 403 1844 communionem
420 1804 475 1845 vos
493 1782 723 1846 adhortantems
746 1783 1201 1866 Gustateetv-idete,quod1²u¹.
1218 1795 1264 1842 tt.
1276 1797 1301 1852 9·

72 1867 271 1929 CHRISTUS
293 1879 336 1927 est
356 1869 506 1927 Dominus
517 1878 600 1929 'etc'
781 1940 784 1949 Ι

128 1986 132 1991 -
156 1963 185 2018 4.
229 1951 415 2010 CLEMENS
435 1952 471 2010 P.
494 1963 524 2013 et
543 1953 584 2010 M.
606 1953 693 2034 epist
715 1963 744 2017 2.
766 1951 813 2011 ad·
833 1952 961 2014 fratrem
983 1952 1126 2025 Dominis

67 2038 118 2098 De
149 2037 225 2094 vasis
255 2055 325 2095 sane
352 2037 446 2096 sacris
469 2036 512 2097 ita
537 2036 700 2118 gerendum
725 2047 789 2096 est:
823 2035 932 2098 Altaris
951 2037 1051 2121 palla,
1074 2058 1126 2097 oe·
1150 2054 1276 2114 ouantes„

67 2118 197 2195 thedra,
232 2119 444 2179 candelabrum
474 2131 505 2179 et
531 2120 650 2196 velum,
682 2121 708 2179 si
734 2119 850 2180 fuerint
876 2118 1024 2183 vetustate
1051 2109 1301 2199 con-lssflili‘ffi'

68 2215 208 2285 sumpta,
242 2203 380 2265 incendio
411 2204 543 2264 dentur:
571 2207 717 2285 quoniam
740 2224 802 2264 non
826 2204 896 2264 licet
913 2226 968 2281 ea,
997 2226 1075 2287 quae
1095 2207 1125 2263 in
1136 2201 1301 2291 ffigssissfiff

70 2289 244 2348 sanctuario
274 2288 403 2365 fuerint,
446 2288 522 2348 male
553 2289 699 2362 tractari,
731 2288 785 2346 sed
810 2288 950 2347 incendio
985 2282 1215 2359 universatltsii·
1272 2323 1277 2335 .

66 2371 239 2432 tradantur.
281 2372 400 2432 Cineres
422 2391 549 2455 quoque
565 2391 674 2430 eorum
697 2370 729 2427 in
747 2369 926 2450 baptisterio
944 2371 1126 2447 inferantur,

72 2453 129 2515 ubi
160 2453 264 2514 nullus
291 2459 449 2516 transitum
477 2455 605 2528 habeat,
640 2463 691 2511 aut
714 2453 745 2509 in
763 2453 901 2536 pariete,
921 2465 972 2512 aut
994 2454 1129 2514 infossis

68 2541 309 2622 pavimentorum
325 2544 495 2621 jactentur,
517 2558 556 2594 ne
577 2537 798 2594 introeuntium
815 2535 945 2618 pedibus
966 2539 1130 2619 inquinen-

69 2634 130 2684 tur.
170 2623 265 2683 Nemo
288 2645 345 2705 per
376 2622 578 2706 ignorantiam
599 2619 723 2678 clericus
741 2620 822 2702 palla
844 2633 999 2682 mortuum
1022 2621 1127 2683 credat

23 2775 28 2790 Ι
70 2704 311 2781 obvolvendum,
343 2719 396 2766 aut
432 2707 586 2763 Diaconus
610 2703 749 2786 scapulas
778 2707 898 2788 operire
928 2706 1016 2782 velit,
1045 2728 1126 2789 quae

70 2790 132 2851 fuit
160 2792 192 2849 iu
213 2790 323 2863 alteri,
343 2801 395 2848 aut
418 2801 517 2862 certe,
539 2809 616 2870 quae
638 2789 708 2861 data
727 2792 817 2849 estin
839 2810 969 2852 mensam
990 2786 1125 2853 Domini.

48 2875 133 2950 ,Qui
159 2873 234 2932 haec
265 2873 391 2947 lecerit,
419 2871 466 2932 vel
484 2871 689 2954 leviterquasi
714 2873 790 2933 nihil
815 2887 844 2935 et
858 2877 1045 2960 negligenter
1068 2875 1127 2937 ha·

67 2956 175 3020 buerit
203 2955 303 3014 divina
334 2963 496 3033 mysteria,
529 2958 684 3018 Diaconos
704 2959 851 3036 triennio,
883 2981 993 3042 sexque
1015 2963 1128 3020 mensi·
1210 3006 1212 3011 ,

67 3040 130 3102 bus
152 3058 169 3097 a
190 3038 351 3099 Dominico
369 3038 483 3100 alienus
505 3043 564 3102 erit
590 3040 696 3119 altari,
720 3046 800 3125 gravi
819 3047 979 3126 percussus
1000 3043 1128 3104 anathe-

66 3135 157 3186 mate.
201 3121 338 3196 Quodsi
359 3123 502 3184 clericum
522 3127 681 3208 presbyter
705 3144 766 3185 non
794 3129 1035 3204 commonuerit,
1071 3126 1128 3186 de·

69 3227 135 3270 cem
153 3207 239 3266 annis
256 3217 285 3266 et
308 3209 445 3288 quinque
464 3210 616 3271 mensibus
640 3213 914 3270 excommunicatus
939 3213 996 3287 sit,
1026 3210 1127 3294 prop·

68 3305 150 3355 terea
160 3290 246 3372 quod
255 3289 293 3350 de
305 3291 475 3373 Dominicis
483 3296 673 3354 sacramentis
686 3294 825 3374 subjecta
836 3295 895 3355 sihi
906 3315 967 3355 non
987 3314 1127 3355 commo-

69 3377 173 3437 nuerit
189 3376 369 3452 ministeria,
393 3388 423 3437 et
441 3389 546 3458 postea
567 3400 635 3438 cum
655 3378 762 3460 grandi
780 3378 949 3441 humilitate
965 3381 1055 3440 matri
1074 3398 1127 3438 re-

70 3458 250 3521 concilietur
267 3459 428 3522 Ecclesiae.
471 3460 571 3521 Pallas
583 3461 655 3522 vero
676 3474 706 3520 et
722 3462 801 3539 vela,
824 3484 891 3544 quae
911 3467 942 3522 in
964 3462 1126 3524 sanctuarii

69 3543 225 3605 sordidata
249 3543 365 3604 fiterint
389 3546 576 3623 ministerio,
610 3547 728 3607 diaconi
763 3568 831 3606 cum
851 3547 1017 3611 humilibus
1036 3547 1127 3605 mini-

70 3631 139 3688 stris
155 3630 241 3706 juxta
264 3632 428 3689 sacrarium
442 3629 566 3706 lavent,
587 3652 648 3690 non
673 3631 827 3710 ejicientes
855 3632 935 3693 foras
958 3653 974 3692 a
994 3632 1124 3692 sacrario

69 3711 213 3771 velamina
237 3711 415 3773 Dominicae
432 3733 571 3790 mensae,
593 3734 631 3773 ne
655 3714 738 3774 forte
761 3715 861 3797 pulvis
885 3710 1037 3776 Dominici
1055 3723 1296 3784 cor-runconer-

68 3797 152 3876 poris
172 3793 249 3854 male
271 3795 392 3857 decidat
411 3817 432 3858 ιιΧ
445 3797 574 3858 sindone
597 3799 674 3858 loris
688 3797 808 3876 abluta,
831 3811 861 3860 et
877 3802 935 3861 erit
950 3800 1025 3860 haee
1049 3785 1273 3882 opeffliffw'pw

69 3882 148 3939 renti
168 3891 345 3962 peccatum:
380 3879 497 3941 idcirco
513 3884 594 3942 intra
614 3884 792 3942 sacracrium
814 3885 959 3944 ministris
973 3885 1125 3968 preeclpi-

68 3981 152 4040 mus,
186 3962 261 4023 haec
297 3976 400 4026 sancta
423 3981 500 4026 ‘cum
528 3966 683 4052 diligentia
715 3967 874 4028 custodire.
920 3968 1005 4033 ¹Sane
1030 3969 1124 4053 pelvis

68 4066 148 4108 nova
169 4061 383 4129 comparetur,
416 4064 447 4111 et
470 4064 592 4134 praeter
610 4050 673 4112 hoc
695 4049 783 4111 nihil·
801 4050 883 4112 aliud
908 4063 1020 4138 tangat.
1048 4052 1125 4114 'Sed

68 4149 125 4190 nec
144 4132 212 4231 ipsa
233 4131 327 4214 pelvis
344 4133 421 4193 ‘velis
447 4148 620 4220 apponatur
635 4135 786 4215 lavandis,
805 4138 864 4197 ni‘si
910 4150 967 4207 ute
991 4134 1029 4200 a¹d
1056 4139 1126 4197 Do-

67 4215 171 4278 minin
194 4213 299 4283 altaris
324 4218 447 4282 cutum
464 4223 635 4306 pertinent.
685 4218 780 4287 Pelle
882 4222 889 4239 ‘
919 4222 1076 4288 tole-in
1091 4238 1127 4281 er
1183 4236 1185 4240 ·
