2790 4792
351 326 396 391 IN
421 313 760 401 PRAECEDENIEM
786 320 826 383 11.
847 321 1008 386 TOMUM.

58 512 214 590 Augustini
234 512 270 569 da
287 512 479 587 impunitionis
498 526 595 563 manu-

96 604 146 645 um
172 586 392 660 apostolicarum
419 586 529 640 virtute
547 589 608 647 aut-

99 661 192 735 gratia
235 684 239 695 ·
621 654 666 716 89.

98 755 134 811 de
153 732 318 841 frontepe'r
335 733 459 808 chrisma
472 757 520 803 aut
535 764 596 801 cru.
613 768 618 776 ·
647 808 650 813 Ι
677 766 681 805 ;

99 844 161 883 cem
181 828 370 901 consignanda
392 898 396 906 μ
622 820 682 903 97‘2
708 880 719 923 χ
740 863 776 921 de
797 866 938 923 Ecclesiae
963 882 1104 942 potestate

101 922 136 976 de
155 922 319 991 diversitate
348 898 550 982 aerumnam*
569 926 597 972 et
661 925 664 932 '

98 996 210 1051 virtutis
229 988 399 1070 'sacramenti
555 1040 558 1047 .
608 994 668 1047 115.

34 1110 36 1115 ·
99 1090 134 1144 (18
154 1086 368 1164 (1881188ιαί118Ι
391 1108 431 1139 ..;
606 1094 667 1151 119.

58 1204 62 1212 .
97 1162 134 1216 (18
164 1159 481 1219 transsubstantiatione
515 1157 599 1232 panis

96 1250 129 1290 ac
146 1237 208 1291 vini
521 1240 582 1296 199.
604 1240 665 1291 lae.

87 1307 134 1363 ,(18
164 1302 314 1363 adorando
338 1304 465 1361 scabello
490 1305 596 1377 padum

94 1380 151 1435 Dei
523 1384 668 1438 158151.

94 1453 133 1507 (18
152 1443 302 1505 adorando
322 1449 430 1505 Christi
449 1465 574 1521 corpore
608 1455 683 1508 159·

57 1646 61 1651 .
98 1591 134 1648 (18
155 1592 269 1648 Christo
289 1591 377 1648 semel
395 1590 554 1660 immolato,
567 1528 670 1651 etffl

118 1665 229 1722 uotidie
246 1667 363 1740 populis
381 1666 557 1725 immolando
609 1672 671 1727 168.

98 1686 140 1792 ia
168 1739 243 1793 mira
269 1740 515 1797 autamiraeulosa
533 1741 598 1797 Mis·

101 1824 150 1865 sae
169 1811 296 1867 efficacia
609 1816 670 1877 161·

102 1882 138 1937 de
171 1900 207 1938 eo
225 1883 312 1958 quoa·
324 1883 454 1939 Christus
473 1890 503 1938 et
521 1885 600 1942 obla·

101 1955 212 2021 tiocli,
234 1966 263 2012 et
282 1957 387 2013 offerat
449 1994 453 2009 .
610 1964 671 2016 171.

60 2076 65 2083 ,
100 2024 137 2081 (18
154 2031 458 2086 sacrificioincrucnto
474 2030 601 2085 autMel·

92 2096 315 2156 chisedechieo·
396 2130 399 2135 ·
609 2104 683 2160 171.Ι

37 2214 40 2221 .
98 2168 134 2224 (18
152 2173 382 2244 praeclarissimo
400 2173 602 2248 atquaoptimo

98 2242 154 2297 Dei
175 2244 317 2303 sacrificio
610 2253 673 2309 179.

102 2312 137 2370 de
155 2319 297 2375 sacrificio
313 2332 332 2375 a
349 2317 493 2375 Malachia
514 2334 598 2391 prae·

60 2418 79 2439 .·
100 2387 179 2445 dicto
394 2432 398 2439 .
611 2397 673 2451 179·

102 2460 256 2536 dazfiguria
271 2460 404 2516 sacrificii
424 2458 573 2514 christiani
611 2469 687 2520 178..

87 2531 137 2588 --de
154 2537 272 2606 mystice
292 2532 441 2587 aedificata
467 2531 499 2583 in
515 2531 604 2605 virgi·

99 2607 159 2660 nali
177 2618 263 2660 utero
282 2603 368 2658 domo
613 2612 676 2666 177,

102 2675 138 2731 da
158 2674 399 2731 commentatione
422 2684 603 2730 mortuorum

102 2745 133 2801 in
151 2748 240 2803 Missa
615 2762 688 2816 191..

100 2829 223 2875 matrem
241 2819 407 2892 sepulturae
425 2822 606 2889 cunensium,
638 2866 641 2871 .

106 2910 192 2965 quam
211 2895 254 2949 sui
274 2892 310 2946 ad
328 2893 418 2946 altare
436 2899 603 2963 memoriae,

39 3033 41 3037 ι
105 2980 204 3020 curam
222 2967 355 3021 habuisse
391 2990 420 3025 Α
563 2974 566 2978 ‘
612 2978 675 3033 891.

105 3035 141 3090 (18
160 3039 328 3095 excellentia
347 3039 536 3096 eucharistiae
613 3052 675 3107 198.

105 3106 141 3164 (18
159 3112 328 3184 quotidiana
348 3111 455 3167 Christi
480 3114 605 3169 immola·

64 3382 68 3390 ,
104 3324 141 3381 (18
159 3331 397 3386 Enanutinorum
416 3331 506 3386 acidis
525 3334 611 3389 tentis

106 3410 160 3457 ata.
526 3414 586 3463 210.
618 3404 688 3465 211.'

106 3471 142 3527 (18
161 3472 355 3530 sollicitudine
385 3474 462 3533 circa
479 3480 596 3534 Domini

59 3592 65 3603 ,
106 3562 171 3599 cum
190 3565 296 3616 corpus
314 3549 446 3603 habenda
617 3560 681 3610 911.

107 3617 143 3672 (18
171 3619 307 3675 libertate
340 3621 439 3676 relicta
470 3626 609 3694 apostolis

106 3690 313 3764 dispensandae
331 3694 519 3751 eucharistiae
618 3704 680 3755 916.

105 3762 143 3820 (18
178 3765 309 3833 partibus
339 3767 528 3823 eucharistiae
565 3787 610 3823 su-

81 3836 217 3899 ..mendis
617 3849 681 3902 917.

94 3907 143 3962 Γ(18
173 3910 271 3965 insana
312 3908 493 3982 quorundam
537 3912 612 3967 circa

108 3982 299 4065 sumptionem
317 3984 507 4038 eucharistiae
516 3983 611 4058 dispu-

108 4062 219 4106 tattone

107 4123 144 4177 de
163 4125 332 4182 auctoritate
350 4127 497 4183 Ecclesiae
533 4137 597 4189 991.
616 4139 680 4189 999.

107 4195 144 4254 (18
162 4212 280 4255 accessu
295 4199 333 4256 ad
349 4201 552 4260 eucharistiam
616 4210 683 4272 981.

700 1566 704 1571 .
742 1519 780 1577 (18
806 1519 1007 1578 misericordia
1036 1486 1092 1577 Dei
1114 1540 1175 1578 non
1199 1522 1248 1579 de-

703 1612 725 1651 .·
744 1595 887 1666 speranda
929 1620 952 1627 ·’
1054 1644 1057 1649 .
1255 1602 1319 1655 979.

535 4064 599 4127 917.
617 4065 683 4120 918.

1172 262 1373 407 m,

638 536 650 546 =
674 536 677 541 ·
702 487 853 629 inflamini
868 506 916 563 de.
936 486 1168 594 praeparatione
1182 538 1186 563 ς
1200 506 1255 567 ad?

674 612 677 617 ·
698 592 1163 706 ‚;.0}1¹;‡i:¹i;32⁰u'⁰⁰mmlmwm
1191 599 1312 719 tau-m

740 719 776 807 de
797 722 1237 789 18818181-881-8888818118818-
1293 752 1309 761 -

739 810 798 849 siae
931 832 934 839 ·
1009 834 1012 841 ·
1246 806 1313 859 959.

1220 904 1223 911 ·
1248 881 1314 932 958.

740 938 776 995 da
803 939 935 1007 Latenoi
965 944 1062 1012 ejusve
1081 946 1242 1001 suscitatio·
1262 978 1265 985 ·

739 1031 777 1067 ne
794 1024 849 1068 ete.
919 1042 933 1065 a:
964 1032 990 1067 ,2'
1045 1055 1048 1061 ·
1219 1058 1223 1071 ·
1251 1024 1312 1082 151.
1341 1030 1344 1048 ⁴

741 1085 788 1141 de·
811 1084 950 1158 baptismi
987 1095 1017 1140 et
1045 1088 1240 1158 poenitentiae

741 1158 958 1230 comparatione
984 1185 995 1191 ,.
1247 1169 1313 1221 956.
1365 1161 1367 1165 ’

728 1230 778 1287 ,de
792 1231 989 1302 poenitentiae
1005 1240 1102 1286 certae
1116 1244 1184 1287 ortu
1196 1210 1246 1289 aut

742 1303 1102 1434 taramriam,

743 1447 787 1503 li'
842 1490 845 1495 .

745 1667 781 1722 de
798 1665 1180 1747 expetendo-poenitentiae
1204 1685 1260 1727 rer.
1316 1708 1319 1713 -

744 1740 841 1795 medio
1154 1770 1157 1777 ·
1256 1746 1320 1797 971.

746 1811 782 1868 da
816 1812 1065 1873 commendatione
1100 1811 1270 1886 poeniten·

714 1920 718 1929 ·
743 1887 803 1941 tiae
1135 1904 1139 1917 ²
1258 1891 1323 1944 988.

747 1958 783 2012 (18
802 1957 1015 2029 peccatoribus·
1027 1957 1083 2012 sibi
1112 1944 1253 2013 thesauri·

716 2041 719 2048 '
745 2031 876 2094 nantibus
897 2029 968 2083 iram
987 2031 1042 2084 Dei
1255 2034 1319 2090 986.

744 2101 782 2157 de
810 2103 963 2173 operibus·
978 2102 1176 2173 poenitentiae
1199 2101 1260 2157 cito

747 2186 776 2229 et
795 2173 1142 2245 contineutcmgandiss
1159 2190 1193 2226 aa
1213 2175 1274 2228 'de-

747 2245 952 2300 incertitudine
971 2246 1048 2298 vitae
1067 2245 1216 2300 humanae·
1258 2252 1323 2305 986.

748 2316 784 2369 (18
804 2317 1021 2370 satisfactione.
1208 2370 1216 2375 .
1259 2327 1325 2378 808.

749 2388 785 2441 (18
802 2388 956 2455 ¹animabus
967 2423 984 2448 ..
1006 2386 1114 2459 quibus
1139 2407 1195 2460 par
1207 2407 1262 2446 -sa-.

748 2459 890 2513 triticiam
908 2458 1087 2517 -:madiatoris
1120 2471 1149 2519 at
1182 2461 1274 2519 alea..

740 2549 882 2602 vmosynas
903 2531 1074 2589 subuenitur
1255 2544 1319 2596 817.

750 2604 786 2660 (18
805 2606 946 2678 gravitate
962 2602 1126 2678 purgatorii
1145 2605 1219 2679 ignia
1259 2617 1324 2668 818.

750 2676 785 2732 (18
803 2679 839 2731 118
860 2676 1019 2744 defunctis,
1050 2677 1155 2751 quibus
1184 2697 1272 2752 pron

750 2750 808 2807 sint
824 2750 958 2805 vivorum
978 2752 1125 2805 orationes
1262 2758 1326 2812 898.

751 2823 788 2878 (18
804 2824 977 2897 purgatione
985 2842 1039 2897 par
1049 2825 1146 2898 ignem
1159 2835 1251 2879 trans·

737 2897 869 2952 *iterium
1040 2942 1043 2949 .
1261 2902 1325 2963 891.

750 2968 786 3023 (18
810 2969 947 3042 qualitate
981 2987 1083 3024 eorum
1106 2985 1254 3031 earumve,

750 3041 856 3114 quibus
874 3043 929 3109 jam
950 3040 1256 3096 defunctisviveutium

119 3181 126 3195 θ
664 3126 682 3163 “.
703 3160 707 3191 :
750 3114 866 3186 prosint
885 3114 1031 3168 orationes
1255 3120 1319 3173 898.

104 3191 185 3237 tione
618 3196 679 3250 198.

105 3253 148 3309 de‘
158 3256 301 3312 fractione
320 3255 402 3329 panis
420 3256 481 3312 Act.
502 3261 561 3318 XX.
617 3268 680 3327 909.

752 3185 789 3241 de
807 3187 906 3258 pueris
922 3187 1074 3257 baptizatis
1087 3196 1153 3241 ante
1163 3185 1253 3238 ratio·

752 3260 799 3314 nis
818 3276 898 3312 usum
913 3261 1115 3325 morientibus,
1134 3261 1201 3314 ite'm
1218 3257 1254 3312 de

789 3331 893 3388 iuuare
913 3344 1079 3404 sumtuose
1090 3343 1119 3389 at
1128 3330 1255 3403 sepultu-

754 3422 788 3459 ra
1178 3410 1240 3461 898.
1260 3407 1325 3466 899.

753 3477 790 3532 (18
807 3493 879 3550 agra
897 3476 987 3550 spinis
1006 3474 1119 3542 obsito,
1139 3475 1257 3548 ejusque

753 3551 870 3607 colono.
1264 3553 1329 3605 885.

752 3625 789 3681 (18
816 3622 941 3679 haeresis
966 3621 1109 3683 11818888
1128 3619 1258 3676 articulis

752 3698 865 3770 aliquot
1261 3699 1325 3753 885·

755 3770 790 3824 (18
811 3767 958 3841 speciatim
976 3766 1103 3839 provisis
1127 3776 1256 3821 mortuo·

755 3861 820 3897 rum
840 3838 978 3911 sepulcris
1234 3861 1237 3865 ·
1260 3845 1325 3915 886.

755 3915 791 3970 da
809 3912 1005 3986 poenitentiae
1023 3912 1054 3965 vi
1074 3922 1123 3966 aut
1135 3910 1242 3967 virtute
1262 3916 1326 3982 819,

754 3987 791 4043 (18
812 3985 967 4041 collatione
983 3984 1120 4058 baptismi
1139 3985 1256 4041 818811-

753 4060 800 4114 nis
818 4058 1032 4115 sacramentalis
1261 4059 1327 4115 868.

755 4131 791 4187 (18
810 4131 977 4189 differentia
1004 4130 1163 4193 sacerdotii
1181 4130 1258 4187 inter

754 4204 934 4267 Christianos
1102 4236 1105 4240 ·
1262 4204 1326 4262 375.

1255 1457 1318 1510 270·
1369 1478 1372 1485 ⁴
