2790 4792
274 282 356 383 eon
523 276 1108 393 o'n'sscnanenro
1190 394 1202 407 p

82 475 248 554 'autenm
275 482 355 554 uerit
374 512 503 578 panem,
523 512 588 554 uon
619 490 708 554 illum
729 493 831 554 credit
862 515 935 572 esse,
957 501 1010 580 qui
1041 499 1167 562 dicitnr.
1211 500 1257 564 Et
1280 494 1352 569 baec

102 563 192 606 ‘lm
277 583 422 662 ignoraus
449 579 603 660 quisque,
637 579 786 638 rationem
807 581 986 663 simpliciter
1012 586 1191 662 sustinebit,
1216 592 1286 650 sine
1306 613 1354 674 ge-

276 666 365 741 mitu,
392 666 457 724 sine
486 663 662 744 suspicione
682 665 768 747 panis
801 684 838 727 an
861 668 993 728 veneni?
1035 670 1195 736 Sustinent
1218 675 1350 755 quidem,

276 748 332 809 sed
358 760 393 808 ut
417 747 572 808 inculcent
587 754 645 806 ett.

360 847 389 900 2.
434 829 663 891 CYPRIANUS
682 851 821 892 sermone
849 835 959 915 quinto
988 835 1026 896 de
1059 835 1170 920 lapsis=
1215 839 1345 905 Etcum

114 924 266 985 'ursanum
277 917 425 1000 quaedam
447 937 546 977 arcam
568 935 670 991 suam,
700 917 730 973 in
754 938 814 996 qua
836 919 961 979 Domini
993 934 1131 981 sanctum
1150 923 1231 999 fnit,
1254 930 1346 988 mani·

99 987 335 1083 llil-luilllssbus
357 1003 489 1086 indignis
508 1011 655 1060 tentasset
681 1002 820 1081 aperire,
850 1005 919 1085 igne
941 1005 1013 1064 inde
1039 1019 1183 1088 surgente
1205 1008 1345 1072 deterrita

99 1085 264 1163 ξῗὶξοξζῗξῗῖ
275 1098 338 1164 est,
364 1110 403 1149 ne
438 1086 563 1146 auderet
589 1085 747 1167 attingere.
790 1087 831 1145 Et
850 1088 938 1162 alins,
962 1092 1014 1170 qui
1040 1103 1071 1149 et
1096 1093 1160 1174 ipse
1183 1096 1345 1157 maculatus

100 1177 249 1214 formatum.
275 1172 313 1235 de
331 1171 485 1233 sacrificio
508 1168 703 1231 asacerdote
727 1168 897 1249 celebrato,
919 1187 1035 1257 partem
1060 1197 1128 1234 cum
1150 1183 1284 1240 caeteris
1297 1202 1345 1241 au·

273 1278 324 1318 sns
344 1269 390 1319 est
412 1257 539 1317 latenter
559 1255 709 1336 accipere,
731 1267 869 1315 sanctum
890 1256 1012 1317 Domini
1035 1259 1125 1319 edere
1153 1273 1185 1321 et
1206 1276 1343 1326 contree-

175 1359 177 1363 ·
272 1354 338 1402 tare
359 1363 422 1402 non
443 1341 557 1424 potuit,
580 1340 709 1398 cinerem
732 1339 816 1400 ferre
837 1363 868 1401 se
898 1344 1009 1424 apertis
1043 1334 1341 1410 manibus‘inrenitr

273 1425 457 1488 documento
478 1426 568 1485 unios
586 1436 741 1485 ostensum
764 1437 818 1498 est,
842 1426 1006 1486 Dominum
1021 1429 1175 1502 recedere,
1199 1453 1272 1493 eum
1293 1457 1340 1494 ne-

273 1525 378 1594 gatur:
400 1532 457 1573 neo
470 1509 701 1570 immerentibus
722 1509 760 1568 ad
782 1508 908 1570 salutem
920 1511 1076 1594 prodesse,
1099 1514 1185 1595 quod
1209 1521 1342 1596 sumitur,

98 1599 182 1692 3:31·
203 1601 262 1642 ⁵⁸1⁹·
274 1598 402 1680 quando
423 1606 520 1682 gratia
541 1594 682 1656 salutaris
705 1599 737 1652 in
758 1597 908 1675 cinerem,
930 1598 1089 1657 sanctitate
1109 1599 1261 1684 fugiente,
1281 1625 1342 1663 mu·

272 1692 365 1743 tetur.

354 1777 384 1832 ὅ.
429 1762 640 1825 ORIGENES
661 1762 742 1823 bom.
768 1776 817 1831 13.
841 1766 871 1823 in
893 1763 1009 1824 Exod.':
1051 1763 1134 1825 Volo
1162 1788 1218 1828 ros
1240 1769 1342 1832 admo·
1375 1819 1383 1852 ,

269 1869 347 1909 nere·
366 1847 524 1931 religionis
544 1860 662 1907 vestrae
694 1849 856 1929 exemplis:
887 1851 1000 1923 nostis,
1025 1851 1085 1929 qui¹
1101 1850 1213 1913 divinis
1234 1850 1342 1930 myste-

96 1938 258 2027 Dilitengeot·
272 1935 325 1993 riis
356 1935 501 1993 iuteresse
529 1933 715 2009 consuestis,
751 1932 919 2013 quomodo,
952 1953 1019 1991 cum
1040 1931 1196 2032 suscipitis
1230 1959 1340 2022 corpus

94 2000 146 2076 llil
150 2001 260 2079 ‘ostili
272 2017 408 2093 Domini,
431 2036 501 2074 cum
523 2016 604 2073 omni
626 2014 742 2075 cautela
764 2030 794 2075 et
813 2018 1004 2076 veneratione
1024 2031 1157 2095 servatis,
1182 2042 1220 2082 ne
1247 2043 1280 2079 ex
1301 2043 1338 2082 eo

98 2091 379 2185 'fill'gfflffiffparuin
400 2100 475 2181 qnid
496 2098 634 2176 decidat,
664 2119 702 2156 ne
723 2103 891 2160 conscerati
913 2103 1046 2160 muneris
1081 2102 1200 2184 aliquid
1221 2103 1335 2164 dilaba-

95 2185 188 2275 ,ffi‘
201 2186 225 2225 “²
272 2198 337 2246 tur..
375 2185 453 2244 Reos
472 2185 549 2244 enim
574 2204 628 2243 vos
651 2184 783 2258 creditis,
803 2198 834 2245 et
857 2198 938 2245 recte
961 2187 1098 2260 creditis,
1121 2190 1147 2247 si
1171 2187 1333 2270 quidinde

180 2261 187 2276 ⁹
271 2292 385 2357 perne
407 2270 561 2353 ligentiam
583 2268 713 2337 decidat.
757 2269 854 2345 Quod
874 2276 899 2329 si
922 2272 1004 2330 circa
1034 2293 1146 2355 corpus
1175 2275 1240 2355 ejus
1262 2295 1336 2333 con-

272 2293 453 2419 servandum
473 2367 558 2423 tanta
578 2356 698 2429 utimini
730 2355 868 2431 cautela,
900 2367 929 2415 et
964 2358 1072 2416 merito
1095 2359 1232 2417 utimini:
1261 2380 1338 2441 quo·

269 2434 363 2502 modo
379 2443 500 2527 ¹putatis
529 2438 653 2569 mingrb
688 2461 751 2501 esse
783 2438 896 2526 piaculi
928 2439 1055 2500 verbum
1085 2443 1145 2500 Dei
1168 2442 1337 2527 neglexisse,

294 2548 363 2588 uam
392 2546 447 2585 cor
472 2545 506 2584 us
526 2542 611 2584 eus.

93 2548 292 2686 rangoweq
355 2621 384 2677 4.
428 2547 608 2671 BitSILlUs
630 2611 671 2668 M.
686 2611 716 2667 in
732 2611 819 2690 epist.
842 2609 880 2668 ad
893 2610 1058 2669 Caesariam
1073 2608 1338 2694 Patritiam(quae

93 2682 221 2762 iiili¹i³l¹t¹⁸
234 2727 258 2764 fl.
272 2694 389 2761 Graece
414 2698 550 2767 exstatz)
583 2692 680 2753 ¹lllud
708 2705 826 2771 autem,
855 2697 887 2754 in
906 2696 1127 2777 persecutionis
1149 2697 1336 2780 temporibus

95 2770 159 2811 Μ’
183 2786 259 2814 ’Μ
273 2779 448 2838 necessitate
470 2777 538 2859 cogi
559 2780 741 2858 quempiam,
763 2799 825 2837 nou
846 2791 1003 2860 praesente
1025 2778 1183 2838 sacerdote
1209 2794 1262 2842 aut
1283 2783 1337 2840 mi-

94 2818 185 2859 domum
197 2822 234 2862 de·

29 2872 33 2882 “
91 2864 371 2960 Ῑῃοξτπῗὶηοὶι>τξῑιξειιίεῑιόΙ
387 2860 434 2941 (id
457 2873 510 2936 est,
535 2861 684 2935 Diacono)
702 2866 946 2923 communionem
958 2865 1083 2946 propria
1096 2885 1189 2922 manu
1211 2885 1335 2941 sumere,

93 2965 462 3030 auorrmsommequaquam
500 2965 562 3004 esse
596 2965 706 3028 grave,
730 2954 987 3028 supervacaneum
1026 2960 1071 3006 est
1117 2948 1333 3025 demonstrare,

59 3014 64 3035 ¹
91 3026 215 3061 ‘lm'
270 3043 436 3117 propterea
459 3028 545 3112 quod
574 3029 665 3111 longa
679 3031 932 3109 ¹consuetudine,
965 3032 1025 3092 hoc
1055 3033 1120 3114 ipso
1153 3054 1260 3094 rerum
1282 3053 1337 3093 usn

271 3113 484 3191 confirmatum
515 3124 568 3174 cst.
614 3113 726 3174 Omnes
761 3118 839 3176 enim
863 3117 893 3175 in
916 3119 1022 3178 eremis
1052 3116 1220 3178 solitariam
1250 3121 1336 3179 vitam

271 3215 402 3288 agentes,
426 3200 480 3259 ubi
500 3220 562 3259 non
584 3210 629 3261 est
652 3199 816 3276 sacerdos,
843 3203 1085 3261 communionem
1107 3199 1190 3261 domi
1214 3222 1336 3264 servan·

270 3298 326 3364 tes,
348 3306 365 3346 a
386 3304 417 3346 se
434 3286 509 3368 ipsis
525 3285 755 3344 communicant.
799 3286 835 3345 In
854 3283 1036 3346 Alexandria
1057 3305 1130 3343 vero
1146 3296 1176 3344 et
1188 3289 1222 3347 in
1238 3285 1337 3372 Aegy·

93 3378 354 3472 ,ctnnuuopto,·
367 3362 782 3450 unusquisqueeorum,·qui
808 3382 881 3430 snnt
903 3371 941 3431 de
961 3369 1098 3453 populo,
1119 3381 1154 3429 ut
1175 3370 1339 3452 plurimum
1382 3388 1384 3393 ·

109 3436 259 3474 mmm*
272 3455 365 3518 babet
385 3458 627 3514 communionem
655 3455 686 3512 in
711 3454 802 3514 domo
823 3475 886 3515 sna.
930 3452 1028 3514 Semel
1051 3456 1130 3513 enim
1160 3455 1340 3519 sacrificium

271 3539 430 3603 sacerdote
453 3550 651 3613 consecrante
682 3550 712 3598 et
732 3534 946 3615 distribuente,
968 3541 1077 3599 merito
1099 3540 1287 3631 participare
1309 3536 1355 3597 et‘

271 3631 435 3707 suscipere,
458 3621 583 3682 credere
606 3632 739 3705 oportet.
782 3625 905 3685 Etenim
929 3633 959 3682 et
978 3625 1010 3682 in
1035 3621 1174 3682 Ecclesia
1197 3621 1337 3685 sacerdos

48 3764 51 3770 .
272 3708 325 3772 dat
344 3722 479 3792 partem,
502 3717 532 3767 et
556 3709 668 3788 accipit
689 3727 753 3766 eam
768 3710 802 3785 is,
825 3712 880 3791 qui
901 3709 1030 3789 suscipit
1053 3728 1122 3766 cum
1139 3712 1226 3783 omni
1246 3706 1340 3767 liber-

32 3848 35 3853 .
96 3796 260 3860 :tentemur-
271 3804 343 3870 tate,
363 3803 393 3852 et
414 3795 510 3877 ipsam
533 3791 673 3852 admovet
700 3813 748 3852 ori
777 3796 902 3876 propria
920 3813 1012 3851 mauu
1062 3790 1147 3850 Idem
1169 3794 1263 3877 igitur
1293 3798 1338 3847 est

93 3854 402 3958 llli'ssllmvirtute,
425 3880 486 3937 sive
513 3896 605 3936 unam
632 3888 749 3958 partem
776 3880 905 3961 accipiet
934 3878 1095 3958 quisquam
1125 3896 1142 3936 a
1170 3874 1338 3949 sacerdote,

96 3947 185 3991 ''lm'‘
273 3963 334 4024 siro
356 3959 458 4043 plures
480 3973 581 4043 partes
603 3958 702 4020 simul.
1242 4014 1250 4023 .

120 4065 261 4125 Quorsum
356 4058 388 4121 5,
427 4044 697 4106 HIERONYMUS
720 4046 751 4105 in
772 4042 861 4126 Apol.
877 4042 917 4103 ad
928 4041 1101 4103 Pammach.
1123 4063 1183 4125 pro
1201 4044 1258 4105 lib.
1274 4041 1340 4103 adv.

95 4115 235 4158 ‘wll‘
273 4128 436 4191 lovinium:
479 4127 559 4202 Soio,
581 4129 696 4189 Romae
717 4127 796 4189 hanc
818 4146 882 4186 esse
904 4126 1168 4205 consuetudinem,
1192 4142 1233 4188 nt·
1244 4127 1343 4189 fideles

110 4166 245 4273 lilii'm-
274 4216 392 4302 semper
414 4210 576 4276 CHRISTI
601 4232 714 4300 corpus
745 4212 918 4299 accipiant,
950 4213 1039 4299 quod
1056 4230 1113 4276 nec
1142 4210 1342 4301 reprebendo,

94 4178 114 4259 i

97 4274 157 4310 ιιι.
