2790 4792
276 302 358 435 μή
523 345 604 410 oe
649 339 1116 409 susannense

279 539 376 605 minus
399 542 531 618 propter
557 530 705 594 duritiam
719 530 824 594 cordis
842 528 970 593 illorum
993 524 1152 588 Israiilitis
1191 528 1350 606 permisisse
1383 418 1387 609 l

279 631 424 694 testatur,
456 617 510 680 sed
546 616 611 700 lege
633 616 783 700 evangelii
803 636 875 676 reus
897 626 944 676 est
963 599 1143 684 adulterii,
1172 610 1252 668 sieut
1268 613 1343 670 etiam
1384 636 1387 667 ε

107 736 268 818 ffl'flussl‘
282 703 353 779 illa,
391 705 418 762 si
441 701 529 800 alteri
549 703 695 802 nupserit
723 701 781 783 „Et
795 699 989 793 usqueadeo
1007 695 1336 793 manent-'intepuisse
1382 700 1385 711 '

108 784 272 883 ¹22,“,:„{f'{21
280 799 325 847 tes
351 781 443 847 semel
477 795 552 845 mita
586 805 659 866 Jura
690 795 888 866 nuptiarum,
917 795 953 841 ut
986 793 1098 862 potrus
1137 789 1204 836 srnt
1230 790 1295 837 mter
1310 799 1335 875 se

107 878 202 963 congus?
225 886 261 960 ξς,
282 872 446 953 conjuges,
481 871 537 951 qui
572 868 612 929 ab
635 868 784 928 alterutro
807 868 937 948 separati
960 876 1053 938 sunt,
1090 882 1191 944 quam
1211 883 1279 921 enm
1294 861 1338 938 lus,

107 936 273 1014 {dissiliet}
283 955 397 1037 quibus
417 949 482 1013 aliis
511 951 724 1014 adhaeserunt.
777 951 857 1012 Cum
887 949 954 1010 aliis
977 967 1100 1030 quippe
1135 945 1272 1007 adulteri
1297 968 1344 1007 uon
1384 982 1387 1033 ῑ

107 1032 216 1076 pesona.
282 1036 399 1115 essent,
438 1038 496 1098 nisi
527 1036 568 1098 ad
596 1036 780 1097 alterutrum
808 1036 955 1116 conjuges
987 1043 1219 1113 permanerent
1267 1031 1346 1089 Deui-
1379 1038 1387 1105 l

204 1189 208 1193 ,
283 1143 344 1208 que
364 1131 489 1182 mortuo
520 1122 613 1198 viro,
643 1141 715 1180 eum
742 1139 805 1200 quo
836 1139 942 1179 verum
967 1117 1164 1179 connubium
1183 1115 1266 1189 fuit,
1295 1113 1346 1174 fieri

281 1228 389 1268 verum
419 1203 608 1265 connubium
636 1224 700 1265 non
739 1215 861 1286 potest,
889 1223 959 1261 eum
982 1222 1046 1282 quo
1065 1203 1159 1282 prius
1177 1200 1345 1259 adulterium
1385 1244 1387 1255 .

124 1298 251 1342 vanis·
285 1290 355 1351 luit.
396 1290 444 1350 Ita
467 1290 547 1350 inter
568 1290 704 1349 viventes
728 1299 829 1349 manet
850 1286 1007 1368 quoddam
1021 1284 1185 1355 vinculum
1211 1286 1347 1366 conjuga-

108 1349 216 1488 ‘’p‘iilbldl
217 1359 275 1456 ii?
285 1373 332 1451 le,
367 1372 459 1456 quod
483 1393 541 1433 nee
569 1374 738 1455 separatio,
760 1391 830 1431 nec
853 1391 922 1430 eum
952 1369 1051 1430 altero
1080 1369 1244 1451 copulatio
1266 1371 1348 1450 possit
1385 1414 1387 1433 ,

121 1459 171 1488 “¹⁸
187 1451 414 1521 ”qm‘sufene
464 1456 570 1522 Manet
601 1469 702 1517 autem
726 1456 766 1516 ad
784 1474 892 1515 noxam
912 1456 1071 1527 criminis,
1102 1474 1169 1513 non
1193 1453 1233 1512 ad
1254 1455 1349 1512 vineu-
1377 1472 1387 1523 ,3

285 1542 351 1613 lum
369 1539 521 1603 foederis:
553 1542 635 1603 sient
656 1552 795 1625 apostata
814 1542 912 1599 anima
930 1538 1015 1598 velut
1041 1538 1082 1598 de
1096 1540 1247 1620 conjugio
1268 1537 1348 1596 Chri·
1385 1580 1387 1585 -

286 1629 326 1689 nti
359 1624 527 1705 recedens,
560 1627 651 1689 etiam
677 1624 740 1686 fide
769 1624 906 1707 perdita,
942 1635 1171 1682 sacramentum
1200 1620 1273 1682 fidei
1299 1641 1349 1680 non
1385 1646 1387 1661 =

287 1711 420 1784 amittit,
472 1709 560 1790 quod
596 1710 717 1774 lavacro
754 1709 992 1793 regenerationis
1020 1711 1152 1789 accepit.
1208 1707 1350 1766 Redderet
1384 1672 1387 1735 l

112 1795 368 1856 ⁰⁰³⁰¹¹bfl⁸⁸·euim
387 1795 499 1876 procul
522 1792 621 1856 dubio
641 1794 801 1870 redeunti,
825 1795 851 1852 si
872 1794 1019 1852 amisisset
1041 1792 1221 1855 abscedens.
1264 1789 1351 1850 Habet

114 1855 265 1891 ‘mmm'
287 1889 389 1942 autem
408 1875 489 1952 hoc,
514 1879 569 1958 qui
586 1880 768 1957 recesserit,
800 1876 841 1938 ad
864 1876 1022 1936 cumulum
1035 1877 1201 1960 supplicii,
1232 1896 1297 1935 nou
1318 1872 1350 1933 ad

286 1962 429 2023 meritum
447 1961 583 2041 praemii.

371 2052 402 2108 t.
421 2041 549 2102 .1TEM
579 2062 645 2124 eap.
665 2043 752 2104 xxt
781 2043 919 2123 ejusdem
956 2041 1012 2104 lib.
1025 2041 1231 2124 ‘respondebit
1260 2042 1350 2098 etiarn
1384 2096 1387 2109 ,

115 2138 219 2189 usna,
232 2141 274 2189 2⁴»
287 2122 435 2186 connubii
460 2138 686 2186 sacramentum.
739 2127 787 2185 De
818 2138 959 2186 meante
985 2139 1130 2210 peceatum
1155 2125 1269 2182 dictum
1296 2135 1345 2180 est

287 2211 321 2272 in
344 2205 507 2288 paradiso:
529 2209 694 2295 Relinquet
708 2209 803 2271 bomo
820 2221 940 2292 patrem
959 2223 990 2270 et
1010 2222 1138 2286 matrem,
1173 2219 1204 2275 et
1229 2203 1339 2263 adhae-

290 2290 372 2356 rebit
392 2294 484 2353 uxori
512 2314 604 2373 suae,
636 2307 668 2355 et
691 2307 782 2356 erunt
800 2294 866 2354 duo
887 2296 920 2352 in
935 2317 1028 2354 carne
1046 2315 1112 2354 una.
1152 2289 1246 2368 Quod
1260 2309 1340 2370 mag·

112 2374 278 2428 ²1²¹¹⁶⁸⁵t⁵2
291 2396 364 2439 uum
388 2389 609 2440 sacramentum
635 2379 713 2441 dicit
737 2377 906 2463 Apostolus
939 2381 971 2439 in
995 2379 1116 2438 Christo
1135 2390 1174 2438 et·
1189 2379 1222 2434 in
1241 2371 1349 2433 Eccle-

291 2463 345 2522 sia.
388 2461 482 2540 Quod
493 2483 566 2546 ergo
586 2476 632 2525 est
650 2466 681 2526 iu
705 2462 831 2528 Christo
853 2465 932 2524 etin
955 2463 1094 2525 Ecclesia
1112 2481 1266 2546 magnum,
1290 2457 1350 2518 hoe

114 2547 279 2648 ξίζῇὶξξξιξζξὶ·
293 2547 324 2607 in
344 2544 471 2629 siugulis
490 2546 668 2630 quibusque
695 2550 883 2627 visitatque
916 2549 1066 2607 uxoribus
1089 2549 1265 2621 minimum,
1302 2539 1351 2601 sed
1385 2622 1387 2629 Α

114 2646 161 2684 sus
176 2646 256 2695 saue·
292 2634 392 2690 lamen
424 2632 652 2710 conjunctionis
680 2631 881 2714 inseparabile
903 2645 1136 2692 sacramentum.
1385 2638 1387 2643 '

117 2699 225 2736 mm
376 2724 405 2778 lt·
447 2714 556 2772 IDEM
595 2714 784 2796 Augustinus
821 2717 860 2775 de
896 2715 981 2775 bono
1006 2718 1175 2800 conjugali,
1201 2735 1265 2796 cap.
1288 2722 1350 2777 tls-2

288 2794 409 2857 Bonum
443 2795 538 2879 igitur
558 2800 736 2878 nuptiarum
758 2820 815 2881 per
853 2819 959 2859 omnes
989 2814 1094 2882 gentes
1134 2814 1229 2882 atque
1258 2815 1350 2856 omnes

288 2876 441 2954 homiues,
461 2881 492 2942 iu
514 2900 605 2940 eausa
628 2884 793 2964 generandi
820 2893 866 2943 est
881 2894 913 2942 et
927 2884 958 2941 in
977 2883 1039 2943 lide
1060 2888 1221 2945 castitatis.
1264 2877 1347 2956 Quod

114 2961 391 3054 {ssssffilffl'aulem
426 2961 466 3024 ad
498 2962 651 3047 populum
677 2966 738 3027 Dei
765 2969 918 3049 pertinet,
959 2969 1048 3027 etiam
1077 2971 1107 3027 in
1134 2970 1293 3030 sanctitate
1310 2984 1346 3022 sa·

115 3061 159 3106 ers,
184 3015 459 3121 usnisseramenti,
489 3068 655 3130 perquam
675 3051 758 3112 nefas
782 3062 846 3127 est,
877 3053 966 3110 etiam
980 3052 1113 3134 repudio
1143 3049 1344 3118 intercedente,

115 3106 219 3149 interven

117 3125 268 3215 „npudlssff'
291 3128 376 3190 alteri
395 3129 512 3191 nubere
519 3175 530 3207 ,
563 3133 637 3192 dum
668 3136 716 3193 vir
749 3136 817 3214 ejus
852 3136 949 3210 vivit,
974 3157 1030 3194 nee
1051 3136 1163 3196 saltem
1182 3142 1251 3219 ipsa
1274 3148 1344 3194 causa

115 3206 267 3298 ffissssgstffl
289 3215 437 3295 pariendi.
493 3216 581 3290 Quae
612 3223 681 3277 'eum
705 3219 771 3279 sola
794 3221 855 3294 sit,
888 3240 948 3301 qua
974 3222 1099 3303 nuptiae
1117 3220 1224 3296 fiunt,
1255 3240 1306 3278 nec
1321 3216 1362 3273 et*

290 3318 324 3360 rc
343 3319 407 3371 non
428 3297 639 3381 subsequente,
663 3314 900 3385 propterquam
926 3301 1024 3378 fiunt,
1053 3304 1188 3366 solvitur
1205 3301 1344 3375 vinculum

289 3380 425 3463 nuptiale
448 3384 507 3441 nisi
531 3387 669 3468 conjugis
696 3399 805 3446 morte.
848 3388 1116 3462 Quemadmodum
1140 3393 1169 3450 si
1197 3389 1251 3450 fiat
1274 3384 1344 3447 ordi·

102 3544 104 3551 y
288 3466 371 3528 natio
396 3465 468 3525 eleri
491 3466 531 3526 ad
557 3468 678 3552 plebem
703 3472 969 3553 congregandam,
1000 3475 1135 3533 etiamsi
1165 3474 1267 3557 plebis
1284 3490 1343 3530 con·
1375 3454 1379 3471 ⁹

111 3534 264 3626 ,ufifffiffi
289 3549 423 3630 gregatio
453 3569 514 3609 non
548 3551 772 3634 subsequatur,
799 3568 915 3614 ·manet
945 3567 1043 3615 umeri
1065 3558 1096 3614 in
1118 3558 1185 3618 illis
1210 3553 1342 3619 ordinatis

114 3636 265 3725 Ιῃξξιῑοωᾰῑ·
287 3645 507 3692 sacramentum
533 3635 750 3700 ordinationis:
784 3649 814 3696 et
841 3642 864 3696 si
884 3640 984 3720 aliqua
1014 3639 1106 3722 eulpa
1126 3646 1291 3724 quisquam
1311 3633 1341 3694 ab

288 3714 389 3776 officio
408 3729 620 3794 removeatur,
645 3719 841 3783 Sacramento
860 3723 986 3783 Domini
1003 3724 1095 3783 semel
1118 3727 1337 3808 impositorum
1385 3716 1387 3725 ¹

136 3857 218 3902 prom
287 3801 422 3879 carebit,
462 3805 596 3884 quamvis
629 3804 669 3863 ad
697 3806 849 3885 judicium
878 3821 1080 3888 permanente.
1140 3803 1336 3871 Gener-ationis
1385 3816 1387 3873 l

115 3888 275 3993 ''ri'm'g'm'
286 3886 388 3967 itaque
411 3906 501 3947 causa
532 3885 600 3946 fieri
632 3891 773 3968 nuptias,
809 3889 977 3972 Apostolus
996 3894 1038 3952 ita
1060 3894 1148 3953 testis
1172 3907 1239 3955 est:
1269 3889 1341 3960 Vol⁰s
1385 3886 1387 3945 Ῑ

114 3958 261 4056 ,ῥέξῃ
284 3970 406 4050 inquit,
433 3971 574 4050 juniores
592 3970 719 4036 nubere.
762 3974 803 4034 Et
826 3977 913 4057 quasi
940 3978 968 4035 ei
987 3975 1165 4054 diceretur,
1200 3992 1239 4040 ut
1257 3972 1343 4062 quidl

284 4055 430 4112 continuo
460 4054 617 4134 subjecit,
650 4053 731 4116 filios
770 4078 956 4140 procreare,
990 4061 1242 4123 matresfamilias
1284 4079 1351 4122 esse·v

281 4132 331 4191 Ad
350 4132 438 4194 fidem
467 4149 567 4199 autem
599 4143 745 4202 castitatis
769 4141 847 4202 illud
869 4146 1023 4224 pertinet,
1058 4166 1138 4205 uxor
1167 4169 1237 4208 non
1264 4146 1348 4207 habet

279 4225 459 4298 potestatem
484 4226 626 4307 corporis
650 4227 698 4286 sui
707 4269 726 4313 ,ι
750 4226 806 4287 sed
821 4228 879 4286 vir.
922 4227 1069 4293 Similiter
1090 4241 1121 4292 et
1141 4233 1196 4294 vir
1219 4229 1348 4296 nonha-
