2790 4792
253 322 332 398 '100
503 319 584 383 DE
624 320 1082 385 sscnlmnttw

81 508 332 579 „summania
350 505 388 568 ad
410 506 565 569 Christum
586 498 817 597 participatipne
837 508 935 569 carnis
959 508 1028 588 ejus
1049 496 1230 588 acquiritur,
1254 509 1315 591 ipse

78 595 148 631 ⁸²⁰³·
253 613 361 653 rursus
380 593 497 654 Paulus
512 594 550 652 dc
566 595 709 668 mysterio
727 592 848 675 pietatis
860 592 1019 669 disserens,
1041 602 1191 651 testatur:
1222 593 1314 667 Quod

75 672 201 756 spansa,
217 704 240 749 5.
252 676 341 753 aliis,
367 680 496 759 inquit,
531 677 774 760 generationibus
794 696 858 736 non
889 689 935 736 est
958 679 1092 759 agnitum
1115 673 1186 735 liliis
1212 674 1314 735 borni·

251 780 345 837 nunt,
366 764 445 821 sieut
464 783 545 821 nunc
561 762 724 821 revelatum
745 775 790 823 est
814 763 922 820 sanctis
935 759 1094 843 Apostolis
1109 762 1176 839 ejus
1203 771 1312 842 etpro-

249 844 348 927 plretis
372 849 406 906 -in
424 848 556 927 spiritu,
582 866 645 905 esse
671 858 772 928 gentes
799 844 983 905 cohaeredes
1008 856 1038 905 et
1056 864 1266 924 concorpores
1285 855 1311 904 et

249 932 481 1012 comparticipes
501 932 712 1013 promissionis
726 933 758 989 in
779 929 911 990 Christo.
955 929 988 987 si
1005 940 1103 987 autern
1115 948 1220 987 omnes
1236 931 1311 989 inter

248 1033 306 1072 nos
329 1004 508 1074 irt'Christo
527 1034 623 1073 unum
649 1035 754 1074 snmus
773 1034 901 1096 eorpus,
934 1034 990 1072 nec
1020 1014 1103 1073 inter
1123 1033 1181 1073 nos
1203 1013 1308 1088 solum,

248 1118 354 1157 verum
379 1101 468 1158 etiam
497 1121 564 1158 curn
587 1116 624 1159 eo
636 1142 645 1175 ,
677 1101 733 1180 qui
751 1120 807 1181 per
827 1118 946 1157 carnem
960 1118 1048 1156 suam
1076 1097 1115 1156 ad
1136 1117 1196 1156 nos
1213 1109 1308 1156 trans·

248 1182 319 1243 ivit:
341 1183 498 1265 quomodo
521 1185 653 1243 universi
671 1196 702 1242 et
724 1195 893 1258 internos,
917 1184 1001 1241 etin
1020 1180 1198 1240 CHRISTO
1218 1196 1307 1240 unum

247 1285 309 1325 non
336 1268 467 1327 erimus?
483 1266 700 1327 ··CHRJSTUS
723 1269 801 1325 enim
825 1280 870 1326 est
893 1266 997 1346 hujus·
1010 1267 1133 1325 unionis
1145 1266 1310 1342 vinculum,-

247 1352 301 1433 qui
322 1352 407 1412 Deus
428 1351 516 1412 simul
536 1365 567 1412 et
579 1350 675 1412 bomo
695 1362 747 1410 est.
791 1351 852 1411 Sed
874 1351 912 1409 de
924 1353 1038 1410 unione
1050 1349 1209 1431 corporali
1232 1351 1304 1413 satis.

77 1474 237 1528 corporata„
305 1430 392 1497 'ET-
409 1450 493 1519 'cap-
509 1449 579 1503 22³
611 1434 822 1519 Corporaliter
860 1435 941 1496 filius
971 1455 1028 1517 per
1063 1433 1304 1495 benedictionem

74 1529 143 1568 „sn
159 1523 406 1611 uuitgrmystieam
418 1522 515 1581 n'obis'
526 1532 563 1579 ut
575 1519 674 1580 ¹homo
694 1522 819 1595 unitur,
840 1519 1015 1602 spiritaliter
1033 1530 1132 1577 autem
1156 1532 1193 1578 ut
1216 1520 1302 1593 Deus,

73 1587 293 1684 liiaiii'h'i.'sui
322 1608 452 1687 spiritns
482 1607 598 1686 gratia,
632 1618 772 1666 nostrum
795 1605 834 1664 ad
853 1625 961 1663 novam
987 1606 1101 1678 vitam,
1132 1615 1165 1661 et
1190 1604 1303 1662 divinae

73 1681 163 1716 ΜΝ·
245 1698 372 1747 nat-urae
393 1690 671 1771 participationem,
694 1691 836 1771 spiritum
861 1689 1076 1768 redintegrans.
1119 1686 1223 1747 Nexus
1252 1688 1304 1767 igi·

245 1782 298 1830 tur
322 1768 458 1831 unionis
474 1783 596 1832 nostrae
623 1774 662 1832 ad
689 1775 790 1832 Deum
816 1786 935 1855 patrem
967 1771 1108 1832 Christus
1129 1781 1196 1832 est:
1220 1771 1303 1830 nobis

246 1855 570 1935 quidemsuttbomo,
597 1858 665 1916 Deo
701 1869 799 1916 antem
833 1859 913 1938 patri
950 1866 984 1914 ut
1016 1856 1099 1914 Deus
1128 1856 1305 1915 naturaliter

243 1941 385 2001 unitus·.'¹
402 1938 472 1999 Non
501 1952 566 1999 erat
591 1943 670 2001 enim
699 1940 867 2021 possibile,
902 1941 1094 2021 corruptioni
1135 1940 1303 2020 subjectam

243 2020 372 2083 bominis
402 2030 543 2081 natrt'ram
577 2025 616 2083 ad
645 2024 900 2083 immortalitatem
922 2023 1149 2098 conscendere,
1169 2028 1230 2084 nisi
1254 2045 1303 2082 na-

242 2121 314 2169 tura
344 2098 521 2186 immortalis
554 2120 644 2189 atque
668 2109 923 2168 incommutabilis
946 2108 984 2166 ad
1009 2129 1071 2168 eam
1092 2107 1300 2181 descendisset,

244 2214 279 2253 ac
308 2193 521 2271 cummunione
553 2193 849 2274 participationeque
878 2194 955 2251 suia
972 2191 1163 2251 mortalitatis
1187 2204 1300 2252 nostrae

71 2287 228 2348 corporatae
243 2279 377 2338 terminis
399 2277 439 2339 ad
453 2306 458 2313 ·
470 2298 558 2336 suum
578 2276 694 2338 bonum
717 2277 897 2357 reformatos
916 2275 1056 2336 elevaret.
1099 2275 1302 2335 Consumnrati

15 2356 17 2361 ·
71 2339 232 2380 substantiali·

69 2395 149 2441 urqua
173 2387 232 2427 acer.
245 2384 318 2447 ergo
341 2352 476 2441 smnu'sl,⁸
495 2361 676 2445 icduetique
694 2362 733 2422 ad
761 2364 904 2421 unionem
924 2359 982 2418 Dei
999 2363 1093 2442 patris
1110 2361 1303 2421 meditatione

69 2437 219 2529 fflffggffl'
244 2434 493 2523 salvatoris,'³id
524 2459 569 2506 est
601 2448 725 2507 Christi.
767 2447 879 2506 Filium
904 2449 982 2504 enim
1004 2446 1061 2503 Dei
1093 2456 1204 2504 natura
1227 2446 1301 2528 patri

243 2534 390 2608 unitum,
403 2531 614 2613 'corporaliter
637 2530 935 2611 substantialiterque
960 2532 1010 2604 (ut
1037 2528 1153 2588 dictum
1174 2533 1234 2603 est)
1254 2548 1301 2588 ac-

244 2612 644 2696 cipientes,oelarificamur
679 2613 944 2705 glorificamurque
966 2633 1125 2695 supremae
1155 2612 1231 2672 faeti
1251 2632 1302 2672 na-

240 2712 328 2759 turae
354 2700 526 2779 participes.

328 2792 394 2848 14st
418 2780 610 2840 binnulus
642 2780 756 2842 Pietav'.
787 2785 880 2865 episc.
913 2779 947 2841 L.
969 2794 997 2848 8.
1019 2780 1057 2840 de
1076 2781 1207 2841 Trinit:
1242 2781 1301 2841 Eos

68 2876 345 2961 Ptfngtumnunc,
368 2866 433 2946 ‘qui
457 2867 546 2922 inter
565 2876 682 2948 patrem
713 2865 860 2926 etlilium
877 2866 1042 2925 voluntatis
1064 2870 1210 2946 ingerunt
1235 2867 1300 2925 uni·

68 2930 229 3031 oliliiulmln
242 2962 349 3026 tatem,
372 2952 540 3031 interrogo,
550 2961 705 3008 *utrumne
723 2968 781 3032 per
793 2964 917 3010 naturae
933 2952 1086 3009 veritatem
1102 2949 1196 3009 hodie
1211 2950 1299 3009 Chri·

67 3022 204 3123 {ffill'ssssl'
243 3048 307 3096 stus
332 3036 362 3093 in
381 3033 471 3093 nobis
497 3035 555 3109 sit,
581 3055 618 3092 an
641 3054 697 3114 per
717 3032 911 3094 concordiam
935 3033 1121 3093 voluntatis?
1164 3035 1197 3094 si
1225 3036 1300 3093 enim

67 3120 161 3161 vernum
183 3119 313 3179 car'rere
346 3118 476 3178 verbum
504 3138 576 3178 caro
600 3117 713 3177 l'actum
735 3130 794 3195 est,
817 3131 847 3178 et
875 3118 1161 3178 nosve1·everbum
1181 3138 1298 3178 earnem

66 3167 312 3265 hiliacibihllilsseiho
338 3205 490 3264 dominico
521 3204 681 3279 sumimus,
715 3203 869 3284 quomodo
890 3224 953 3266 non
983 3202 1163 3262 naturaliter
1182 3220 1298 3262 manere

66 3277 124 3308 ''¹¹¹'‘
240 3292 271 3349 in
301 3289 394 3348 nobis
417 3288 629 3347 existimandus
655 3300 722 3362 est,
761 3289 814 3368 qui
838 3300 867 3347 et
889 3301 1028 3347 naturam
1056 3289 1154 3345 carnis
1173 3299 1297 3347 nostrae

239 3376 302 3456 jam
332 3370 562 3455 inseparabilem
575 3371 646 3445 ‚sihi
668 3370 762 3431 homo
789 3385 874 3432 natus
895 3372 1076 3455 assumpsit,
1115 3384 1145 3430 et
1161 3384 1296 3431 naturum

240 3459 338 3516 carnis
356 3477 427 3515 suae
445 3455 484 3514 ad
517 3478 537 3514 n
572 3476 658 3515 uram
686 3458 879 3535 'aeternitatis
913 3455 970 3515 sub
998 3469 1188 3515 sacramento
1209 3454 1295 3515 n'obis

239 3539 505 3600 communicandae
535 3543 632 3600 earnis
658 3539 843 3604 admiscuit?
888 3541 935 3601 lta
965 3541 1043 3598 enim
1070 3560 1173 3598 omnes
1205 3558 1297 3598 unum

239 3645 361 3698 sumus,
397 3626 469 3703 quia
493 3625 572 3682 etin
598 3625 721 3683 Christo
750 3638 837 3706 pater
862 3635 921 3699 est,
955 3635 983 3682 et
1005 3623 1145 3682 Christus
1162 3625 1196 3682 in
1212 3622 1296 3682 nobit

239 3721 292 3768 est.
336 3708 486 3788 Quisquis
518 3728 590 3790 ergo
622 3707 800 3768 naturaliter
831 3721 946 3791 patrem
966 3729 997 3766 in
1018 3707 1142 3767 Christo
1165 3706 1296 3790 negabit,

238 3804 328 3875 neget
349 3793 432 3878 prius
450 3793 707 3873 connaturaliter
728 3794 773 3852 vel
795 3814 826 3852 se
848 3795 879 3849 in
902 3791 1044 3867 Christo,
1072 3791 1120 3849 vel
1143 3791 1297 3851 Christum

168 3912 181 3929 -ι
240 3878 299 3936 sibi
326 3878 443 3950 inesse,
478 3878 549 3957 quia
575 3878 606 3934 in
639 3875 761 3936 Christo
794 3888 903 3960 pater,
938 3887 968 3935 et
991 3874 1127 3934 Christus
1150 3877 1183 3935 in
1200 3874 1297 3949 nobis,

240 3982 336 4020 unum
357 3962 389 4020 in
417 3958 465 4019 bls
486 3982 549 4020 csse
570 3981 626 4020 nos
648 3961 774 4020 faciunt.
824 3959 856 4017 Si
876 3979 947 4018 vere
968 3961 1062 4042 igitur
1081 3980 1203 4019 earnem
1229 3978 1299 4020 cor·

240 4046 327 4129 poris
347 4046 444 4104 nostri
466 4044 606 4104 Christus
627 4046 803 4127 assumpsit,
834 4056 866 4102 et
892 4063 963 4102 vere
981 4042 1074 4103 homo
1097 4043 1169 4121 ille,
1192 4046 1247 4127 qui
1265 4060 1298 4101 ex

67 4131 231 4225 &gemm
243 4130 339 4188 Maria
366 4139 455 4187 natus
479 4127 558 4204 snit,
593 4128 732 4188 Christus
751 4139 811 4203 est,
846 4147 963 4207 nosque
985 4148 1055 4187 vere
1080 4127 1138 4187 sub
1156 4127 1302 4203 mysterio

62 4230 120 4279 ,uis
141 4226 370 4277 etmomearncm·
397 4213 535 4297 eorporis
566 4213 613 4275 sui
650 4214 812 4288 sumimus,
848 4222 960 4295 at-per
982 4211 1041 4273 hoe
1067 4224 1161 4273 unum
1180 4214 1302 4285 erimus,
