2790 4792
405 336 412 349 '
447 295 774 413 caninis*
814 302 817 381 Ῑ
962 445 966 452 ¹
1044 338 1124 427 aaa

58 526 130 602 ideo
153 545 196 601 eis
216 557 323 601 manus
342 539 420 597 iuter
440 533 535 596 laicos
556 554 618 594 non
640 533 818 617 imponitur.
859 532 935 615 Nam
954 554 1054 621 neque
1075 528 1125 597 s'a·

61 639 252 685 eramentum
283 620 448 705 baptismi,
482 639 583 701 neque
608 630 828 678 sacramentum
857 620 948 679 dandi
969 621 1124 704 baptismi,

62 699 191 790 qnando
219 709 317 768 abeis
339 727 408 765 cum
429 704 644 777 Maximiniano
666 703 827 778 discessit,
859 703 1029 765 Felicianus
1050 710 1127 766 ami-

62 795 113 858 sit.
166 794 365 853 Numanum
389 810 457 848 eum
479 809 581 847 secum
602 785 736 863 habent,
759 801 829 845 oum
855 787 897 845 eis
917 790 1005 869 ipsis,
1028 791 1125 872 quod,

64 897 135 936 cum
157 878 231 939 soris
254 886 349 949 esset,
373 875 404 932 in
428 873 633 932 Maximiniani
655 869 816 931 schismate
839 869 1029 952 baptizavit·

147 973 188 1030 4(
218 959 298 1020 LEO
329 961 461 1040 Magnus
493 957 579 1037 epist.
601 966 651 1022 81.
684 955 724 1017 ad
744 955 930 1013 Dioscorum
946 953 1127 1016 Alexandri-

51 1066 153 1104 ·nume
175 1045 269 1120 Quod
294 1062 367 1123 ergo
388 1061 405 1099 a
423 1039 569 1100 Patribus
594 1040 706 1111 nostris
724 1039 927 1122 propensiore
950 1060 1022 1099 cura
1036 1045 1126 1100 novi-

57 1150 126 1189 mus
147 1149 208 1188 esse
229 1134 399 1198 servatum,
430 1143 447 1182 a
473 1121 561 1183 vobis
589 1143 717 1207 quoque
736 1122 877 1184 volumus
896 1124 1061 1200 custodiri,
1092 1137 1301 1204 utfflffimffm

56 1234 124 1273 non
150 1215 263 1296 passim
284 1208 393 1269 diebus
415 1206 566 1266 omnibus·
576 1206 771 1268 sacerdotalis
794 1207 841 1266 vel
867 1204 985 1266 levitica
999 1203 1260 1268 ordina-⁰⁶¹⁴⁰²⁸¹¹³
1274 1219 1299 1254 ν*

54 1299 102 1357 tio
128 1296 321 1368 celebretur,
354 1289 408 1350 scd
441 1303 514 1373 post
549 1291 629 1351 diem
663 1290 783 1351 sabbati
813 1291 881 1370 ejus
901 1293 1001 1350 noctis
1013 1335 1023 1367 ,
1048 1310 1125 1372 quae
1136 1250 1289 1346 31:²¹5ssssssst

56 1383 90 1440 in
110 1383 207 1462 prima
226 1376 347 1437 sabbati
371 1374 518 1449 lucescit,
541 1375 664 1434 exordia
684 1374 751 1443 ⁴deli
773 1388 882 1451 antur,
911 1374 972 1437 hoe
993 1389 1048 1452 est,
1066 1375 1123 1435 sub
1135 1359 1286 1448 pppevptem.

41 1465 126 1548 ”lege
147 1465 242 1523 divini
258 1460 351 1520 officii
367 1457 624 1533 substituantur,
647 1461 679 1518 in
703 1398 814 1540 quibus
835 1458 906 1535 bis,
982 1462 991 1518 i
1015 1481 1126 1519 conse·
1204 1528 1207 1533 ¹

57 1548 167 1608 orandi
198 1544 299 1620 sunt,
323 1543 458 1622 jejunis,
491 1543 522 1601 et
559 1562 576 1602 a
600 1542 813 1623 jejunantibus
844 1480 1214 1617 sm1·abenedictiosejun÷
1234 1581 1289 1613 00³.

57 1632 250 1691 conferatur.
292 1626 387 1702 Quod
406 1625 543 1706 ejusdem
564 1625 774 1689 observantiae
797 1628 873 1702 erit,
906 1629 931 1686 si
949 1649 1035 1688 mane
1057 1616 1252 1712 ips0⁸²⁰¹⁸¹¹⁶i
1288 1672 1290 1677 -

57 1715 228 1775 Dominico
249 1710 315 1786 die,
330 1721 507 1770 continuato
531 1709 650 1770 sabbati
663 1712 781 1791 jejunio
800 1711 996 1784 celebretur,
1020 1728 1038 1772 'a
1063 1733 1127 1794 quo

58 1796 274 1881 praecedentis
299 1796 396 1854 noctis
413 1795 500 1854 initia
521 1814 583 1854 non
612 1796 773 1854 recedunt:
800 1816 889 1876 quam
915 1795 954 1854 ad
974 1794 1056 1856 diem
1078 1819 1129 1856 re-

38 1881 276 1956 surrectionis,
298 1879 382 1937 sicut¹
402 1881 491 1937 etiam
513 1878 545 1937 in
565 1878 692 1939 Pascha·
704 1879 830 1938 Domini
852 1878 1034 1957 declarator,
1055 1879 1128 1963 per-

52 1967 157 2024 tinere
180 1983 242 2022 non
268 1961 394 2021 dubium
416 1973 469 2021 est.
520 1960 597 2020 Nam
615 1973 736 2044 praeter
764 1964 973 2022 auctoritatem
994 1986 1126 2024 consue-

50 2047 197 2122 tudinis,
224 2067 312 2126 quam
337 2067 371 2104 ex
392 2043 572 2127 Apostolica
595 2047 732 2106 novimus
751 2051 854 2109 venite
875 2049 1124 2124 doctnoa,ctiam

55 2152 144 2204 saera
169 2131 323 2212 scriptura
354 2129 543 2206 manifestat,
563 2130 662 2211 ,quod
684 2146 754 2191 cum
772 2131 915 2213 Apostoli
935 2132 1067 2193 Paulum
1087 2146 1122 2193 'et
1134 2152 1290 2210 Actor.13‚5,

54 2213 229 2277 barnabam
254 2235 289 2273 en
308 2227 474 2296 praecepto
498 2212 624 2295 spiritui
642 2217 738 2273 sancti
763 2216 801 2274 ad
829 2216 1026 2296 Evangelium
1049 2239 1123 2297 gen·
1158 2268 1161 2273 .

37 2300 147 2359 ,tibus
177 2297 331 2358 mitterent
349 2299 617 2381 praedicandum,¹
638 2299 812 2376 jejunantes
832 2308 861 2355 et
882 2311 1006 2356 orantes
1022 2301 1124 2381 impo-

63 2395 187 2443 suerunt
220 2385 262 2443 eis
289 2386 413 2455 manus,
455 2393 492 2439 ut
511 2379 731 2460 intelligamus,
766 2391 879 2458 quanta
896 2381 1079 2461 etdantium'
1099 2394 1130 2465 et

58 2469 276 2550 accipientium
308 2461 473 2526 dotatione
488 2460 659 2543 curandum
684 2463 742 2536 sit,
758 2482 798 2521 ne
819 2473 919 2522 tantae
931 2462 1125 2525 henedictio-

56 2554 106 2610 nis
139 2558 355 2612 sacramentum
388 2546 585 2629 negligenter
613 2544 752 2624 videatur
771 2545 934 2629 impletum.
988 2549 1029 2608 Et
1052 2544 1122 2610 ide'o
1142 2588 1262 2636 Sacram„

81 2638 109 2694 ie
135 2648 164 2696 et
188 2629 384 2694 laudabiliter
405 2626 596 2710 Apbstolicis
618 2648 734 2694 morem
752 2650 879 2714 gesseris
903 2633 1068 2710 institutis,
1097 2636 1122 2694 si
1131 2622 1297 2724 {restructi-c-

55 2657 138 2781 banc
153 2717 397 2778 ordinandorum
418 2712 609 2795 sacerdotum
634 2712 761 2774 formam
776 2735 833 2797 per
857 2715 1027 2795 Ecclesiae,
1051 2701 1293 2800 qui-‹titiibfm‘

57 2804 120 2865 bus
152 2803 302 2861 Dominus
321 2816 457 2881 praeesse
488 2808 520 2860 tc
544 2795 658 2875 voluit,
687 2803 775 2859 etiarn
798 2801 861 2882 ipse
879 2805 1059 2879 servaveris,
1086 2816 1122 2864 ut

56 2887 131 2960 bis,
152 2886 205 2964 qui
227 2883 426 2957 consecrandi
450 2893 540 2958 sunt,
558 2902 712 2963 nunquam
724 2879 975 2962 benedictiones,
1003 2890 1062 2947 nisi
1089 2891 1121 2946 in

49 2972 110 3029 die
135 2969 363 3028 resuirectionis
390 2967 566 3026 Dominicae
577 2966 774 3042 tribuantur,
798 2970 847 3027 cui
873 2990 890 3029 a
908 2991 1032 3052 vespera
1048 2971 1122 3030 sab-

12 3060 15 3067 '
57 3053 126 3112 bati
151 3053 270 3110 initium
296 3062 412 3111 constat
427 3051 570 3129 adscribi,
597 3062 627 3111 et
648 3054 918 3131 tantisdivinarum
940 3056 1121 3137 dispositio-

55 3157 133 3196 num
161 3138 310 3213 mysteriis
343 3146 387 3195 est
407 3149 601 3215 consecrata,
629 3148 686 3214 ut,
710 3136 863 3219 quidquid
882 3149 962 3198 esta
985 3140 1120 3199 Domino

54 3223 206 3302 insignius
237 3223 458 3295 constitutum,
495 3223 526 3279 in
554 3220 649 3300 hujus
682 3221 742 3281 diei
769 3222 914 3302 dignitate
934 3225 973 3282 sit
992 3236 1118 3306 gestum.

54 3307 95 3367 In
119 3305 176 3364 hac
207 3305 338 3366 mundus
364 3304 491 3386 sumpsit
507 3305 679 3379 exordium,
707 3308 738 3364 in
763 3305 823 3366 bac
841 3326 897 3387 per
918 3311 1119 3369 resurrectio-

54 3384 171 3450 tionem
202 3389 314 3449 Christi
344 3403 375 3449 et
402 3409 481 3448 mors
510 3390 679 3466 interitum,
708 3401 739 3449 et
761 3391 821 3448 vita
843 3393 961 3474 accepit
989 3394 1117 3452 initium.

53 3475 93 3536 Iu
122 3464 180 3533 hac
214 3472 354 3556 Apostoli
381 3492 397 3532 a
426 3474 559 3533 Domino
590 3470 786 3556 praedicandi
808 3475 948 3534 omnibus
976 3478 1117 3558 gentibus

53 3557 203 3641 evangelii
238 3558 344 3617 tubam
374 3568 518 3633 sumunt,
545 3568 575 3616 et
605 3559 799 3620 inferendum
814 3561 973 3619 universo
999 3563 1116 3621 mundo

53 3645 275 3703 sacramentum
301 3642 535 3723 regenerationis
558 3644 718 3724 accipiunt.
760 3644 797 3702 Iu
816 3642 875 3702 bac
898 3644 1115 3717 (sicutbcatus

52 3728 187 3788 Joannes
209 3726 401 3809 Evangelista
419 3728 577 3801 testatur),
605 3729 795 3809 congregatis
812 3730 845 3786 in
861 3747 954 3786 unum
976 3729 1115 3812 discipu·
1123 3753 1190 3796 toan.
1202 3758 1288 3808 20'225·

51 3810 115 3884 lis,
143 3811 244 3891 januis
275 3811 404 3885 clausis,
442 3799 541 3889 quum*
559 3807 598 3866 ad
624 3829 673 3869 eos
697 3811 843 3870 Dominus
861 3807 1032 3890 introisset,
1063 3817 1115 3874 in·-
1142 3828 1147 3839 “

51 3897 181 3957 sufflavit
210 3906 240 3953 et
265 3895 364 3954 dixit:
395 3892 533 3974 Accipite
557 3894 697 3974 spiritum
720 3906 870 3954 sanctum:
899 3916 1031 3976 quorum
1062 3920 1113 3960 rc.

52 3978 194 4039 miseritis
227 3992 366 4061 peccata,
393 3979 588 4036 remittuntur
611 3978 670 4057 eis:
717 3990 747 4038 et
766 3999 896 4057 quorum
914 3981 1110 4063 detinueritis,

50 4062 171 4123 detenta
190 4075 285 4122 erunt.
328 4063 363 4122 In
389 4061 448 4122 bac
468 4061 598 4142 denique
620 4063 820 4145 promissusa
840 4063 972 4126 Domino
986 4073 1283 4151 aposto-Jo,„„4„„

47 4146 87 4208 lis
108 4148 234 4230 spiritus
262 4159 402 4222 sanctus,
429 4147 566 4207 advenit:
593 4159 630 4206 ut
649 4145 769 4207 caelesti
788 4147 917 4228 quadam
941 4149 1192 4243 regulam-“102
1210 4158 1248 4201 ιθ

41 4233 201 4294 donatum
225 4239 258 4292 et
274 4231 421 4301 traditum
435 4233 635 4312 noverimus,
658 4232 691 4292 in
707 4230 766 4309 ‚illa
786 4231 841 4295 die
857 4233 1120 4327 celebrendanefa

1248 2050 1254 2079 Ι
