2790 4792
496 170 503 200 t

314 354 342 367 ..
416 309 513 387 ioan
533 315 562 377 n
582 314 733 383 raas.
764 326 768 371 z
868 320 886 361 ·-
1047 324 1125 413 aut

62 520 120 584 per
144 516 227 583 ¹quos
255 497 704 571 ernosctinstianisumuse·
716 498 770 582 qni
793 500 890 564 clares
910 504 998 588 regni
1014 503 1125 567 :caelo-
1135 517 1305 577 statuaras

61 605 131 651 rum
152 586 311 660 habentes,
327 583 559 665 quodammodo
583 594 651 643 ante
666 583 775 664 judicii
798 586 875 646 diem
894 590 1083 668 judicans·-
1135 574 1168 627 ¹⁸=⁰
1184 574 1219 613 ¹⁸’
1302 624 1306 635 ·

147 684 177 736 6.
220 668 326 729 IDEM
363 671 393 745 in
424 669 548 750 dialogo
579 679 689 749 contra
723 669 949 735 Luciferiandss
990 674 1123 735 Hilarius
1162 676 1166 685 '

62 775 136 815 cum
158 754 304 829 diaconus¹
320 751 357 817 de
370 753 495 817 eeclesia
508 753 677 828 recesserit,
686 804 690 811 .
699 752 855 833 solusque,
871 768 903 813 ut
916 752 1123 836 putea-turba
1136 783 1253 835 niaeomn
1262 768 1301 821 aa.

63 839 106 897 sit
118 837 230 912 mundi,
251 857 348 917 neque
367 836 589 897 Eucharistiam
611 834 768 897 conficere.
783 849 896 918 potest,
914 841 1079 922 episcopos·
1094 853 1125 900 et
1137 831 1269 872 ⁶¹¹³³³⁰fi⁸⁰¹

1136 882 1303 921 consecrans·

64 921 260 1004 presbyteros
283 942 347 981 non
379 920 511 992 babens,
541 941 638 1000 neque
658 918 812 1002 baptisma
840 923 904 980 sine
936 923 1310 1017 Eucharistiapffifflvfl'

64 1005 191 1065 tradere.
234 1005 275 1064 Et
298 1026 366 1064 cum
382 1005 445 1083 jam
468 1003 561 1061 homo
584 1015 724 1073 mortuus
745 1007 794 1081 sit,
818 1026 886 1064 cum
906 994 1127 1089 hominetparr-
1137 1028 1305 1078 baptismam.

62 1101 113 1149 ter
133 1090 245 1149 interiit
267 1101 298 1148 et
319 1101 418 1148 secta:
442 1089 513 1167 quia
532 1099 660 1168 postse
679 1082 798 1149 nullrrm
818 1089 965 1148 clericum·
981 1091 1128 1150 diaconus
1140 1075 1309 1164 flfissssss‘sslssff
1339 1123 1343 1131 ·

62 1174 167 1255 potuit
182 1172 341 1233 ordinare.
383 1171 521 1229 Ecclesia
545 1184 642 1247 autem
663 1185 811 1247 nonest,
847 1195 924 1254 quae
950 1196 1015 1233 non
1036 1173 1189 1233 habetem·
1258 1240 1269 1255 ⁴

62 1256 255 1333 sacerdotes„
288 1254 350 1327 Sed
372 1256 487 1342 omissis
509 1259 615 1337 paucis
636 1256 843 1332 homunculis,
864 1260 918 1339 qui
940 1260 997 1340 ipsi
1019 1258 1078 1316 silii
1102 1269 1132 1317 et

59 1339 130 1399 laici
154 1353 225 1400 sunt
247 1351 279 1399 et
300 1338 458 1420 Episcopi,
479 1340 624 1417 ausculta,
646 1340 782 1422 quidde
804 1343 1039 1413 omniEcclesia
1060 1362 1132 1400 sen-

57 1425 197 1485 tiendum
219 1424 259 1482 sit
281 1435 338 1481 etc.
586 1474 600 1489 ,

147 1521 174 1575 7.
217 1506 326 1564 IDEM
348 1506 378 1565 in
405 1507 532 1586 epistola
554 1509 744 1590 octogesima
760 1511 867 1590 quinta
887 1510 927 1569 ad
949 1509 1130 1592 Evagriumr

61 1593 142 1667 Quis
162 1592 308 1671 patiatur,
331 1611 502 1649 mensarum
524 1604 554 1651 et
574 1593 740 1655 viduarum
756 1596 890 1653 minister
911 1605 1058 1675 utsupra
1079 1614 1129 1653 eos
1142 1602 1310 1653 asinando.

59 1698 94 1735 se
115 1674 250 1732 tumidus
273 1671 387 1749 efferat,
409 1675 448 1735 ad
475 1696 624 1756 quorum¹
638 1697 747 1759 preces
782 1677 896 1738 Christi
925 1697 1039 1760 corpus
1061 1699 1130 1738 san·
1142 1662 1288 1757 Militi.

61 1760 191 1841 guisque
216 1753 399 1817 conficitur?
523 1790 525 1795 ,
712 1805 717 1821 -.
908 1792 911 1797 .
1096 1786 1108 1803 ,
1141 1758 1305 1854 {pisam-i!

48 1890 59 1901 .
146 1853 175 1907 8.
220 1840 375 1901 VICTOR
395 1842 590 1924 Aphricanus
615 1843 669 1903 lib.
681 1843 783 1905 II.'de
801 1847 1014 1926 persecutione
1029 1847 1130 1906 Wan-
1141 1857 1186 1892 ²⁰³·
1264 1866 1281 1873 ··
1307 1848 1310 1855 '

61 1923 179 1986 dalica:
223 1924 363 1999 Quantae
390 1939 461 1986 tunc
482 1927 761 1991 multitudinesde.
783 1927 908 1989 diversis
941 1930 1127 2011 regionibus,
1180 1940 1183 1945 '

59 2021 92 2066 et
114 2007 305 2083 civitatibus,
327 2009 366 2069 ad
386 2011 526 2070 visendos
553 2013 611 2070 Dei
633 2015 782 2087 Martyres
814 2017 1007 2072 occurrerint
1027 2035 1138 2096 popu-¹·
1216 2023 1221 2050 ¹

56 2091 170 2165 lorum,
194 2103 342 2153 testantur
365 2097 429 2153 riae
459 2095 506 2153 vel
528 2098 650 2155 semitae
662 2120 675 2153 ε·
692 2098 760 2177 -qui
782 2117 850 2157 cum
883 2101 1003 2179 agmina
1024 2101 1129 2157 viven-

55 2181 135 2237 tium
158 2192 350 2255 nequaquam
372 2190 524 2259 caperent,
546 2172 604 2260 per
625 2182 753 2241 vertices
777 2184 936 2241 montium·
953 2194 984 2239 et
1003 2181 1128 2240 vallium

59 2280 246 2319 concurrens
267 2261 360 2331 turba
381 2261 517 2323 fidelium
538 2263 766 2323 inaestimabilis
785 2264 998 2331 descendebat.
1023 2284 1127 2322 cereos

61 2343 198 2409 manibus
221 2358 387 2427 gestantes:
423 2368 559 2425 suosque
582 2347 751 2407 infantulos
793 2349 926 2426 vestigiis
960 2357 1128 2419 martyrum

60 2430 269 2510 projicientes,
291 2432 346 2490 ista
370 2452 444 2490 voce
471 2428 662 2489 clamabantr
707 2427 829 2500 Quibus
852 2448 909 2487 nos
928 2431 1053 2487 miseros
1076 2447 1127 2486 rc-

57 2511 212 2592 linquitis„
229 2514 301 2572 dum
323 2517 450 2596 pergitis
472 2513 512 2571 ad
535 2511 687 2571 coronas?
711 2511 765 2590 qui
788 2508 846 2569 lros
858 2509 1042 2590 baptizaturi
1056 2522 1300 2616 reassumpsisse

57 2595 203 2679 parvulos
218 2597 357 2657 fontibus
370 2617 466 2676 aquae
478 2593 640 2675 perennis?
662 2593 716 2676 qui
729 2592 819 2655 nobis
841 2597 1045 2675 poenitentiae
1057 2617 1127 2654 mu·
1138 2582 1299 2666 {ffli‘mffiiffffi

56 2700 114 2741 nus
141 2679 280 2739 collaturi
301 2691 388 2751 sunt,
412 2691 442 2736 et
463 2679 722 2739 reconciliationis
751 2678 940 2762 indulgentia
961 2678 1125 2741 obstrictos
1136 2676 1302 2764 &gramenta-1

54 2775 256 2847 peccatorum
275 2763 402 2823 vinculis
424 2759 579 2821 soluturi?
600 2766 672 2845 quie
693 2762 782 2824 robis
800 2764 916 2823 dictum
937 2765 1127 2840 estt‘Quae-
1188 2753 1195 2768 ’

13 2894 17 2900 .
56 2867 182 2926 cunque
203 2847 352 2906 solveritis
381 2866 473 2928 super
505 2859 638 2922 terram,
661 2861 751 2909 erunt
780 2849 881 2908 soluta
906 2861 935 2909 et
960 2853 991 2907 in
1024 2849 1125 2908 caelis.

57 2932 124 3006 Qui
148 2950 203 2987 nos
235 2928 413 2989 solennibus
446 2932 639 2993 orationibus
665 2932 816 3013 sepulturi
848 2945 919 2993 sunt
942 2931 1124 2991 morientes?

57 3013 212 3091 aquibus
249 3013 343 3073 divini
376 3013 518 3089 sacrificii
550 3019 628 3075 ritus
656 3016 843 3079 exhibendus
874 3029 920 3074 est
950 3014 1126 3075 consultus?

59 3094 219 3156 vobiscum
235 3111 264 3157 et
285 3119 338 3157 nos
361 3099 471 3160 licebat
491 3123 629 3184 pergere,
647 3105 673 3160 si
694 3100 812 3174 liceret,
830 3109 863 3157 ut
875 3098 928 3158 tali
946 3100 1040 3160 modo
1062 3097 1126 3157 fili-

58 3200 136 3243 osa
166 3183 306 3262 patribus
327 3183 411 3243 nulla
432 3187 592 3245 necessitas
614 3196 777 3267 separaret.
1157 3220 1160 3225 -
1276 3210 1280 3217 ·
1306 3258 1309 3263 Ι

143 3277 172 3331 9.
216 3267 443 3329 CYPRIANUS
483 3269 535 3328 lib.
570 3271 617 3342 t,
650 3266 776 3351 epistola
809 3279 828 3331 2
859 3265 899 3325 ad
938 3264 1288 3327 Corneliumrsaeerreros·

55 3351 264 3431 Episcopatus
284 3355 384 3413 nostri
405 3351 508 3413 honor
522 3353 641 3434 grandis
671 3365 703 3413 et
719 3352 816 3434 gloria
846 3361 908 3426 est,
941 3372 1048 3432 pacem
1069 3324 1298 3428 de*iiiiiiiiiiiii-⁹i

56 3435 140 3494 disse
162 3436 368 3511 martyribus,
391 3449 435 3497 ut¹
444 3437 627 3510 sacerdotes,
638 3494 641 3501 ,
651 3439 704 3518 qui
725 3431 874 3496 sacrificia
886 3468 890 3473 -
904 3436 963 3494 Dei
985 3433 1124 3515 quotidie
1135 3428 1235 3470 ”m

56 3518 256 3594 celebramus,
283 3519 397 3579 hostias
421 3523 489 3580 Deo
510 3533 540 3579 et
556 3523 689 3581 victimas
711 3538 933 3602 praeparemus.
1013 3562 1016 3569 Δ

143 3616 172 3669 1.
215 3604 248 3662 C.
270 3604 578 3665 TERTULLIANUS
599 3605 637 3664 de
662 3600 955 3687 praescriptionibus
980 3601 1125 3665 adversus
1214 3651 1224 3661 ..
1261 3608 1264 3612 '

54 3684 241 3757 haereticos,
263 3700 298 3747 ut
321 3689 401 3749 infra
423 3701 540 3768 quaest.
562 3690 760 3770 septima„in
790 3701 882 3757 textu.
961 3746 965 3751 .
1059 3730 1062 3741 ·

142 3785 171 3837 2.
213 3768 461 3834 EPIPHANIUS
486 3771 602 3831 haeresi
627 3784 667 3839 112
690 3776 795 3833 contr-'a
813 3769 1244 3837 alarcionisnsi,narrarem

54 3855 228 3934 (Marcion)
244 3859 473 3939 permissionem
488 3855 676 3930 mulieribus,
688 3868 721 3915 ut
730 3856 912 3939 baptismum
927 3854 1008 3912 dent.
1030 3852 1122 3933 Apud
1134 3821 1298 3920 iiddddiiii.

40 3942 139 4023 ffipsos
163 3944 241 3999 enim
266 3944 368 4002 omnia
390 3954 462 4001 sunt
486 3939 623 4000 ludibrio
647 3938 745 4021 plena,
773 3952 803 3999 et
822 3937 898 3998 nihil
919 3937 1011 4014 aliud,
1032 3926 1195 4018 qrammi·

56 4028 148 4097 etiam
167 4027 308 4099 mysteria
335 4047 440 4087 coram
459 4025 518 4099 his,
538 4026 593 4106 qui
615 4025 822 4087 instituuntur
848 4023 1122 4102 atque—initiantur

53 4110 86 4170 in
108 4114 211 4183 sacris,
234 4106 383 4188 perficere
401 4111 545 4175 audeant.
1115 4191 1121 4204 Ι
1135 4160 1203 4217 ,pud
1220 4160 1299 4199 snae·
1327 4136 1334 4145 ·

139 4204 174 4263 3·
212 4191 316 4263 ῙΤΕΜ
343 4193 464 4262 haeresi
478 4196 554 4274 as,
576 4203 693 4261 canna-
720 4162 944 4275 Pepnrianosr¹
973 4158 1124 4275 Episcopi
1136 4215 1196 4254 aeos
1208 4210 1280 4261 repu-

1135 2812 1201 2854 Mali.
1215 2819 1246 2857 tes
1262 2817 1294 2855 18·
