2782 4786
71 396 74 407 Ι
176 370 183 382 ,
280 300 913 380 conrrnuarrottts.
1016 310 1130 409 *os

41 563 45 573 ,
65 485 244 582 mysterium
264 495 509 560 Confirmationis
521 492 538 552 i·
560 488 641 547 ‘Aut
657 500 804 568 quantum
822 482 924 570 tideo,
944 509 1009 554 nou
1029 502 1136 553 totum
1222 523 1225 531 ·

68 593 108 651 dc
130 591 213 648 fonte
235 584 429 664 suscepimus,
450 578 476 637 si
500 584 573 658 post
592 574 712 658 fontem
728 573 897 637 adiectione
919 580 990 638 novi
1013 579 1173 661 generis,

64 674 244 754 indigemus.
285 667 354 728 Non
380 666 419 723 ita
446 658 642 720 dilectissimi.
696 656 841 718 Attendat
874 663 984 721 caritas
1014 674 1136 722 vestrae

66 759 156 818 Sicut
176 754 268 838 exigit
286 749 422 812 militaris
444 744 534 818 ordo,
556 753 593 800 ut
616 761 684 798 cum
708 741 893 824 Imperator,
924 766 1136 827 quemcunque

66 843 97 902 iu
113 839 243 905 militum
266 833 415 917 receperit
432 845 603 898 numerum,
624 845 687 882 non
716 825 815 884 solum
844 827 940 908 signet
965 842 1133 911 receptum,

68 924 120 993 sed
146 924 234 991 etiam
253 921 342 980 armis
363 910 607 996 competentibus
623 910 765 969 instruat
779 921 1004 991 pugnaturum:
1027 914 1069 974 ita
1102 917 1134 974 iu

66 1008 220 1090 baptizato
239 1003 415 1078 benedictin
428 997 478 1057 illa
495 988 624 1054 munitio
648 1004 700 1052 est.
744 991 867 1053 Dedisti
886 993 1021 1072 militem,
1047 997 1085 1057 da
1107 1000 1136 1058 ei

68 1092 273 1163 adiumentum
295 1087 429 1148 militiae.
471 1075 631 1158 Numquid
644 1076 785 1158 prodest,
806 1078 832 1135 si
844 1076 1002 1160 quisquam
1024 1102 1153 1162 paren-s

68 1189 132 1237 tum
150 1195 286 1257 magnam
302 1169 423 1256 pupillo
449 1164 590 1224 conferat
609 1160 795 1238 facultatem,
817 1163 875 1222 nisi
900 1165 1060 1245 providere
1073 1177 1136 1225 stu-

70 1261 139 1321 deat
163 1271 194 1321 et
207 1256 364 1319 tutor-emi
395 1253 504 1330 Itaque
518 1244 687 1328 paraeletus
706 1247 890 1328 regeneratis
905 1247 937 1304 in
951 1245 1296 1325 CHRISTO,r·n.1mr·

71 1356 172 1409 custos
191 1354 220 1405 ct
242 1338 418 1403 consolator
437 1346 468 1392 et
490 1343 578 1390 tutor
599 1340 652 1388 est.
693 1329 770 1388 Ideo
787 1329 862 1388 dicit
881 1351 979 1391 sermo
1000 1332 1135 1392 dlvinus:

52 1426 131 1488 'Nisi
141 1426 293 1488 Dominus
312 1416 490 1481 custodierit
513 1413 671 1486 civitatem,
692 1410 810 1472 frustra
826 1413 940 1496 vigilet,
959 1415 1014 1496 qui
1030 1428 1136 1475 custo-

71 1511 116 1571 dit
133 1531 217 1569 eam.-
251 1508 338 1586 Ergo
354 1501 487 1582 Spiritus
512 1509 643 1570 sanctus,
666 1497 721 1575 qui
745 1516 840 1579 super
868 1519 961 1579 aquas
994 1499 1137 1581 baptismi
1147 1501 1310 1590 procrescen-

70 1594 230 1656 salutifero
254 1586 411 1646 descendit
431 1582 551 1664 illapsu,
576 1582 607 1638 iu
630 1580 716 1639 fonte
733 1579 952 1662 plenitudinem
969 1583 1083 1644 tribuit
1098 1583 1137 1644 ad
1149 1558 1294 1652 „iiiiiils

70 1675 286 1746 innocentiam,
311 1671 343 1736 in
363 1664 599 1726 confirmatione
618 1676 964 1749 augmentumpraestat
999 1668 1038 1727 ad
1067 1690 1137 1752 gra·
1163 1649 1275 1743 ”fflif

70 1763 156 1819 tiam.
199 1756 242 1814 Et
261 1755 333 1834 quia
352 1753 382 1811 in
405 1750 467 1810 hoe
488 1748 612 1824 mundo,
633 1761 696 1807 tota
713 1760 808 1808 aetate
830 1753 966 1828 victuris,
989 1753 1067 1812 inter
1087 1756 1138 1813 in·
1202 1812 1207 1822 ,
1292 1774 1297 1787 “

22 1852 24 1867 “
73 1841 207 1903 visibiles
231 1838 333 1898 hostes
355 1847 385 1895 et
405 1832 539 1917 pericula
560 1831 758 1914 gradiendum
780 1843 833 1909 est,
856 1836 887 1893 in
910 1834 1064 1918 baptismo
1087 1859 1139 1898 re-

70 1944 253 2010 generamur
273 1921 311 1980 ad
333 1921 433 1993 vitam,
454 1927 527 2000 post
547 1915 729 1997 baptismum
752 1915 967 1979 confirmamur
996 1921 1034 1982 ad
1055 1941 1099 2005 pu
1121 1956 1139 1968 -

71 2002 157 2070 nani:
180 2009 210 2064 in
232 2005 383 2087 baptismo
398 2001 558 2075 abluimur,
578 2011 649 2082 post
670 2000 854 2083 baptismum
875 2004 1068 2066 roboramur.
1097 1945 1138 2067 lt

72 2096 96 2154 si
117 2091 265 2154 continuo
289 2087 458 2147 transituris
475 2082 624 2144 sufficiant
638 2087 872 2166 regenerationis
894 2087 1051 2166 beneficia,
1073 2086 1139 2151 vic·
1204 2126 1208 2141 ι

71 2179 147 2236 turis
169 2187 268 2234 tamen
284 2172 450 2231 neccssaria
477 2174 547 2228 sunt
569 2165 812 2229 confirmationis
837 2172 958 2232 auxilia.
1000 2175 1139 2256 Regene-

74 2262 154 2321 ratio
176 2279 231 2340 per
259 2277 290 2316 se
320 2255 431 2330 salvat,
453 2273 521 2329 mou
540 2253 570 2310 in
595 2273 670 2333 pace
693 2253 775 2314 beati
808 2255 903 2314 seculi
930 2257 1139 2338 recipiendos:

74 2340 272 2405 Confirmatio
295 2351 393 2399 autem
414 2349 509 2397 armat
531 2346 561 2394 et
584 2338 716 2412 instruit,
742 2337 779 2396 ad
794 2358 904 2419 agones
921 2337 1016 2418 hujus
1032 2340 1141 2398 mundi

74 2440 105 2489 ct
120 2427 245 2511 praelia,
266 2422 475 2483 reservandos.
521 2420 584 2495 Qui
600 2430 699 2493 autem
716 2433 784 2501 post
801 2420 987 2503 Baptismum
1005 2444 1073 2482 cum
1089 2443 1143 2481 ac-

73 2512 187 2594 quisita
210 2509 390 2582 innocentia,
412 2503 622 2565 immaculatus
644 2506 783 2583 pervenit
805 2504 844 2562 ad
868 2517 1008 2582 mortem,
1027 2504 1144 2566 confir·

73 2606 175 2655 matur
195 2597 304 2669 morte,
327 2593 399 2672 quia
422 2609 485 2648 non
513 2597 615 2667 potest
643 2605 771 2668 peccare
791 2599 863 2670 post
893 2600 1029 2652 mortem.
1072 2591 1141 2668 Hic,

73 2681 100 2741 si
124 2678 201 2737 forte
225 2676 303 2736 illud
322 2677 411 2734 etiam
431 2673 586 2751 requirere
609 2673 743 2747 velimus,
765 2683 837 2754 post
853 2675 1022 2756 passionem
1042 2689 1072 2736 et
1094 2697 1145 2735 re·
1249 2716 1251 2721 .

75 2762 293 2824 surrectionem
318 2755 496 2830 CHRISTI,
527 2752 601 2835 quid
626 2753 783 2837 Apostolis
814 2759 970 2840 prolirerit
994 2761 1141 2821 adventus

114 2847 205 2923 iritus
229 2843 333 2918 sancti,
361 2844 427 2922 ipse
448 2839 595 2898 Dominus
615 2841 657 2898 eis
694 2841 848 2903 evidenter
870 2847 1010 2926 exponit:
1054 2848 1141 2921 Quae

76 2867 167 3002 dico,
193 2927 315 3006 inquit,
344 2923 441 2997 vobis,
463 2943 525 2983 non
545 2927 671 3005 potestis
706 2945 739 2986 ea
760 2939 887 3009 portare
907 2929 1021 2988 modo:
1065 2927 1305 2989 cumJ⁰·=·¹⁶·¹²·

73 3020 177 3077 tutem
190 3009 307 3067 venerit
326 3006 377 3066 ille
399 3009 523 3088 spiritus
540 3007 684 3085 veritatis,
707 3012 772 3094 ipse
795 3011 922 3071 docebit
942 3034 995 3071 vos
1022 3032 1141 3072 omnem

52 3098 55 3105 ’
72 3097 245 3159 veritatem.
288 3091 392 3165 Vides,
410 3093 490 3172 quia,
510 3113 580 3152 cum
599 3095 725 3176 spiritus
744 3108 863 3156 sanctus
887 3096 1070 3173 infunditur,
1089 3117 1166 3156 cor·

73 3178 170 3243 fidele
188 3175 228 3236 ad
246 3173 438 3259 prudentiam
463 3187 493 3234 et
508 3180 703 3238 constantiam
731 3177 901 3239 dilatatur?
943 3179 1052 3260 Itaque
1077 3191 1146 3240 ante

75 3263 306 3337 descensionem
328 3261 454 3342 spiritus
472 3263 583 3337 saneti,
606 3263 762 3342 usquead
788 3263 978 3346 negationem
1003 3263 1146 3346 Apostoli

76 3347 285 3408 deterrenture
307 3355 378 3425 post
391 3343 590 3404 visitationem
610 3367 683 3406 vero
711 3349 789 3428 ejus,
814 3346 961 3430 usquead
980 3361 1145 3423 martyrum
1200 3340 1211 3361 '

77 3440 257 3511 contemptu
282 3428 386 3488 salutis
399 3437 562 3486 armantur.
614 3428 851 3491 Secundumhoc
869 3452 927 3514 per
940 3432 1147 3493 CHRISTUM
1158 3431 1258 3485 ⁸P¹ff²¹¹⁸
1300 3482 1324 3525 ,ὰ

79 3514 267 3592 redimimur,
288 3533 344 3594 per
364 3513 506 3594 spiritum
526 3533 599 3572 vero
618 3527 769 3589 sanctum,
788 3516 870 3576 dono
892 3515 1054 3599 sapientiae
1081 3489 1321 3600 spi-iiiiiiieqii.

79 3598 199 3659 ritualis
219 3597 433 3671 illuminamur,
457 3594 660 3675 aedificamur,
680 3600 846 3676 crudimur,
860 3601 1046 3673 instruimur,
1070 3582 1200 3661 con-³¹*

79 3701 273 3755 summamur,
294 3691 329 3738 ut
349 3679 432 3738 illam
455 3681 579 3762 spiritus
602 3685 694 3741 sancti
720 3705 823 3743 vocem
851 3684 957 3744 audire
980 3681 1299 3768 possimus:P··¹·³¹¹⁸·

23 3782 26 3787 ’
80 3764 273 3826 Intellectum
288 3763 347 3822 tibi
369 3763 462 3839 dabo,
483 3775 514 3825 et
529 3762 672 3825 instruam
693 3768 724 3825 in
746 3770 795 3845 via
818 3767 886 3844 hac,
908 3789 969 3849 qua
987 3760 1146 3852 gradieris.
1229 3820 1233 3825 .
1253 3781 1258 3793 ¹

80 3849 126 3908 De
145 3850 258 3931 spiritu
284 3859 388 3907 sancto
406 3849 578 3930 accipimus,
600 3861 636 3910 ut
659 3848 831 3930 spirituales
863 3850 1045 3927 efficiamur,
1072 3856 1146 3938 quia
1303 3849 1305 3856 ¹

80 3933 216 3993 animalis
237 3930 332 3991 homo
353 3953 414 3991 non
430 3933 564 4016 percipit
580 3954 622 4010 ea,
645 3954 720 4015 quae
737 3947 810 3996 sunt
832 3936 957 4018 spiritus
973 3936 1055 3999 DEI·
1098 3938 1147 4001 De
1160 3952 1244 3999 teon
1256 3961 1278 4006 a,
1292 3961 1325 4005 tt.

78 4018 190 4099 spiritu
214 4027 320 4076 sancto
343 4017 519 4098 accipimus,
541 4029 577 4078 ut
598 4021 749 4101 sapiamus
770 4021 849 4080 inter
874 4019 990 4080 bonum
1016 4023 1147 4084 malum·
1218 4060 1226 4066 ·

81 4121 143 4180 que
169 4101 358 4175 discernere,
379 4102 463 4180 justa
485 4099 622 4186 diligere,
645 4104 757 4182 injusta
783 4124 936 4188 respuere,
955 4107 1144 4185 utmalitiae

80 4202 118 4242 uc
136 4182 299 4268 superbiae
320 4203 532 4267 repugnemus,
559 4196 594 4247 ut
610 4187 744 4250 luxuriae
768 4208 804 4252 ac
833 4189 960 4252 diversis
979 4189 1142 4270 illecebris,
