2790 4792
324 300 944 435 ,roanrrnrtrijan
1061 352 1156 425 24³

74 531 269 595 maculatam.
310 526 596 609 Ponetquemanus
614 542 710 605 snper
730 538 822 608 caput
841 526 969 608 hostiae,
990 551 1070 613 qnae
1089 554 1151 618 pro

75 651 209 724 peccatu
228 649 293 713 etts
304 644 334 697 et
353 633 521 694 immolabit
533 652 599 692 eam
619 631 652 690 in
671 629 743 692 loco
759 631 940 696 holocausti.
981 637 1150 723 Tolletque

78 734 223 807 aacmdoe
244 744 282 804 de
299 744 440 828 sanguine
461 742 494 799 in
515 737 612 821 digito
637 756 709 799 suot
731 749 763 798 et
783 750 908 821 tangens
929 756 1046 820 cornua
1068 746 1149 808 alta.
1219 751 1224 761 ‘

80 854 125 913 ris
146 852 324 928 holocausti,
336 850 491 931 reliquum
512 844 624 905 fundet
645 842 684 904 ad
705 842 801 905 basim
825 847 904 926 ejus.
939 849 1068 913 Omnem
1089 870 1147 914 au.

78 972 141 1021 tem
166 960 282 1042 adipem
302 958 454 1030 auferens,
479 953 560 1012 sicut
581 951 698 1011 auferri
720 952 797 1012 solet
818 946 857 1013 de
882 957 1011 1018 victimis
1037 958 1147 1041 pacifi-

79 1088 196 1143 corum,
219 1064 356 1126 adolebit
377 1082 471 1144 super
499 1056 596 1118 altare
614 1059 658 1141 5¹¹,
669 1057 797 1119 odorem
818 1061 974 1123 suavitatis
993 1064 1147 1128 Dominoz

74 1173 258 1263 rogabitque
285 1190 348 1254 pro
369 1189 415 1243 eo,
437 1177 467 1225 et
485 1164 658 1226 dimittetur
679 1160 735 1225 ei.¹
760 1166 814 1229 sto
833 1180 937 1227 autem
959 1169 1005 1245 ¹de
1024 1173 1151 1264 pecorif·

70 1276 129 1339 bus
151 1280 302 1341 obtulerit
323 1262 476 1334 victimam
497 1293 556 1354 pro
576 1284 714 1354 peccato,
734 1293 829 1345 orem!
850 1273 970 1335 scilicet
995 1272 1150 1338 immacu·

70 1385 179 1446 latam:
201 1397 299 1469 ponet
320 1401 442 1441 manum
463 1400 556 1462 super
575 1390 668 1461 caput
689 1379 767 1458 ejus,
790 1391 820 1439 et
841 1381 1014 1441 immolabit
1030 1384 1148 1462 eumin

69 1491 157 1570 loco,
178 1491 246 1552 -ubi
260 1488 368 1549 -solent
394 1485 481 1545 caedi
513 1483 769 1546 holocaustorum
788 1483 927 1546 ‘hostiae
980 1487 1147 1572 sumetque

67 1586 220 1659 sacerdos
248 1595 294 1656 de.
318 1594 464 1676 sanguine
494 1593 561 1672 ejus
591 1592 688 1675 digito
708 1613 787 1669 suo,
819 1605 850 1652 et
870 1604 995 1678 tangens
1029 1616 1147 1660 cornua

70 1705 176 1766 altaris
198 1701 381 1773 holocausti,
404 1685 554 1780 reliquum
576 1698 685 1758 fundet
705 1698 745 1758 ad
765 1697 862 1759 basim
892 1702 969 1781 ejus.
1017 1702 1147 1766 Omnem

72 1814 204 1892 quoque
225 1806 345 1889 adipem
358 1805 523 1881 auferens,
547 1806 632 1865 taient
661 1804 785 1887 auferri
807 1806 888 1867 solat
918 1802 1011 1892 adeps
1032 1810 1145 1890 arietis,

71 1917 128 1995 qui
150 1912 327 1973 immolatur
343 1934 400 1996 pro
411 1911 555 1996 pacificis,
578 1910 723 1972 cremabit
743 1933 837 1996 super
849 1912 946 1974 altare
967 1917 1144 1995 incensum

66 2021 214 2082 Domini:
234 2018 418 2104 rogabitque
441 2040 501 2103 pro
522 2035 569 2078 eov
585 2029 615 2078 et
635 2038 693 2102 pro
718 2016 954 2104 peccato'ejus‚
979 2035 1011 2086 et
1041 2025 1144 2088 dimit.

67 2141 155 2190 tetur
173 2128 218 2192 ei.
274 2144 278 2155 ·
302 2138 306 2153 “
343 2140 346 2147 ’
372 2136 375 2141 ’
895 2174 897 2178 a

152 2230 314 2294 Deinde
337 2234 437 2316 capite
456 2233 582 2314 quintae
605 2230 724 2309 Anima,
739 2253 817 2314 quae
836 2236 998 2315 juraverit,
1014 2251 1045 2298 et
1061 2232 1143 2322 ‘pro‘-

71 2340 175 2400 tulerit
196 2340 284 2400 labiis
301 2344 382 2423 ouis,
404 2351 438 2400 ut
457 2334 506 2399 vel
525 2338 603 2400 male
628 2337 705 2419 quid
727 2339 851 2414 laceret,
873 2341 921 2400 vel
943 2337 1041 2416 bene,
1064 2355 1094 2403 ct
1108 2340 1144 2404 id

70 2449 166 2530 ipsum
185 2451 359 2529 juramento
380 2460 411 2507 et
433 2466 569 2505 sermone
588 2440 766 2519 firmaverit,
784 2443 944 2526 oblitaque
963 2459 1070 2530 postea
1094 2451 1146 2510 in·
1167 2440 1176 2454 ’
1243 2504 1246 2511 .

69 2555 214 2615 tellexerit
232 2555 379 2615 delictum
401 2572 499 2626 suum,
524 2561 594 2634 agat
615 2548 832 2631 poenitentiam
860 2572 919 2634 pro
941 2555 1091 2635 peccato,
1113 2568 1145 2619 et

71 2663 179 2745 offerat
213 2663 251 2722 de
280 2660 424 2744 gregibus
446 2679 552 2740 agnam
574 2659 638 2717 sire
670 2676 811 2738 capram,
834 2658 998 2742 orabitque
1021 2683 1082 2746 pro
1108 2684 1144 2728 ea

66 2770 215 2830 sacerdos
239 2760 359 2848 et'pro
380 2776 509 2846 peccato
533 2765 618 2846 ejus:
649 2764 817 2824 sinautem
841 2785 903 2826 non
928 2771 1066 2850 potuerit
1091 2773 1143 2833 of-.

69 2875 152 2936 serre
176 2890 282 2955 pecus,
304 2870 412 2931 offerat
432 2869 511 2933 duos
536 2882 687 2950 turturea,
713 2870 762 2932 vel
780 2871 871 2952 *dnos
897 2874 1000 2958 pullos
1024 2878 1144 2940 colum·

63 2978 181 3042 barum
206 2978 351 3056 Domino,
373 2998 468 3039 uuum
487 2999 547 3062 pro
567 2990 704 3062 peccato,
732 2990 763 3040 et
779 2978 906 3042 alterum
927 2982 959 3040 in
976 2980 1144 3045 boiorum·-

67 3076 148 3162 tim,
171 3082 318 3165 dabitque
339 3104 391 3145 eos
415 3085 575 3147 sacerdoti.
618 3087 682 3164 Qui
698 3087 833 3170 primum
849 3082 980 3147 offerens
998 3100 1057 3171 pro'
1069 3111 1145 3173 pec-

70 3206 152 3272 cato,
174 3191 366 3274 retorquebit
380 3205 474 3277 caput
492 3194 560 3274 ejus
578 3192 618 3255 ad
634 3192 792 3278 pennulas,
813 3193 856 3252 ita
877 3203 914 3253 ut
926 3193 1007 3255 collo
1030 3195 1145 3258 adbae-

54 3313 150 3375 reat,
172 3310 204 3359 et
223 3303 428 3382 nou-penitus
457 3301 664 3384 abinmpatur.
703 3300 746 3362 Et
763 3311 904 3383 asperget
937 3299 977 3362 de
1000 3305 1147 3387 sanguine

65 3413 143 3492 'ejus
167 3409 314 3493 parietem
335 3407 454 3480 altans3
492 3408 642 3492 quidquid
670 3384 770 3469 autem
790 3406 940 3490 reliquum'
963 3408 1076 3487 fuerit,
1097 3410 1148 3471 'fa-

77 3519 139 3579 ciet
181 3513 330 3605 distillare
347 3498 350 3509 ⁴
368 3515 408 3576 ad
439 3516 669 3576 fundamentum
710 3516 796 3596 cjuS,
828 3501 900 3598 quia
928 3536 988 3601 pro
1017 3529 1146 3600 peccato

75 3635 131 3686 ert
172 3619 315 3697 Alterum
334 3640 408 3684 vero
429 3625 461 3683 in
482 3622 696 3684 holocaustum
718 3620 865 3700 adolebit,
887 3634 924 3684 ut
952 3620 1019 3684 fieri
1050 3622 1149 3685 solet:

66 3729 265 3814 'rogabitque
286 3746 345 3812 pro
366 3750 404 3791 eo
430 3729 595 3808 sacerdon,
615 3740 646 3790 et
665 3749 726 3812 pro
746 3743 873 3814 peccato
895 3731 973 3812 ejus,
996 3742 1027 3792 et
1046 3730 1151 3792 dimit-

79 3847 165 3897 tetur
185 3836 222 3896 ei.
240 3865 244 3872 ·
264 3834 422 3920 Et'paulo
455 3836 547 3920 posti
588 3834 696 3897 Anima
719 3838 745 3897 si
764 3839 977 3920 praeiericans
997 3835 1152 3902 caeremo-

81 3962 165 4021 nias,
195 3965 251 4027 per
283 3952 422 4009 eruorem
449 3946 480 4004 in
506 3942 565 4020 his,
589 3962 668 4024 quae
692 3936 828 4004 Domino
858 3954 932 4005 sunt
954 3944 1152 4024 sanctificata,

84 4053 263 4135 peccaverit,
290 4049 398 4112 offeret
419 4072 479 4136 pro
501 4051 614 4113 delicto
640 4071 697 4112 sno
720 4050 843 4110 arietem
872 4046 1094 4116 immacutatum
1117 4050 1155 4115 de

86 4159 240 4243 gregibus,
263 4160 319 4241 qui
338 4159 395 4218 cmi
418 4170 521 4243 potest
538 4158 660 4220 duobus
679 4155 776 4236 siclis,
799 4157 886 4240 juxta
912 4160 1035 4244 pondus
1068 4180 1158 4221 sanc-

86 4250 386 4350 municipiumque
405 4264 492 4348 quud
515 4245 741 4331 intulitdamui
759 4266 910 4342 restituet,
927 4258 1064 4394 quintam
1084 4285 1160 4350 par-

876 4367 921 4431 16
