2790 4792
381 310 883 422 uartt'tubuit-
989 371 991 380 ,
1065 286 1175 425 sens

10 548 16 588 ι
74 529 152 610 ejus.
193 529 334 613 Propter
355 525 418 588 hoc
435 523 591 609 relinquet
602 522 698 588 libmo
718 528 835 608 patrem
853 540 892 588 et·
903 514 1028 593 matrem
1038 552 1140 615 snam,

10 658 16 696 i
75 649 110 698 et
130 636 310 698 adhaerebit
335 633 423 695 urori
441 644 545 712 suae,
573 643 604 693 et
625 642 715 692 erunt
736 631 848 692 dunin
865 655 951 697 carne
968 638 1039 701 una‘.
1081 643 1140 705 Sa·
1181 669 1182 672 ¹

72 756 263 825 crementum
281 745 341 805 hoc
358 738 498 826 magnum
513 751 569 816 est,
587 759 643 823 eqo
663 750 764 799 eutem
781 736 851 799 dico
865 741 896 800 in
915 741 1040 811 ,Christo
1056 761 1086 810 et
1106 751 1141 811 iu
1175 724 1177 734 Α

72 849 220 919 Ecclesia.
261 853 375 915 Verum
392 862 493 933 mmen
514 857 544 906 et
564 866 619 906 ros
639 845 768 932 singuli,
789 850 997 929 unusquisque
1011 874 1137 917 uxorem

72 977 161 1018 snam
185 962 264 1024 sicut
280 980 312 1023 se
328 961 433 1044 ipsum
445 953 569 1036 diligat:
589 972 667 1014 uxor
687 967 789 1017 autem
806 957 910 1018 timeat
926 956 1024 1018 virum
1038 980 1135 1022 suum.
1165 1022 1168 1027 ,

418 1140 799 1254 rennes

154 1371 182 1428 1.
202 1359 241 1420 A.
284 1326 546 1417 AUGllSTINUS.
555 1354 593 1415 'in
604 1353 664 1422 tib.
677 1355 716 1430 de
725 1348 832 1418 {fideet
845 1354 1075 1440 operibuscap.
1089 1373 1136 1428 t:

66 1442 137 1504 Hoc
154 1447 181 1503 si
209 1461 330 1522 semper
350 1441 483 1515 nesciat,
513 1460 670 1522 nunquam
687 1460 723 1498 er
746 1439 809 1501 hoc
831 1442 1067 1503 erit-adultera:
1102 1442 1137 1502 Si

66 1539 170 1588 autem
200 1528 296 1599 sciat,
327 1524 440 1604 jamex
459 1522 520 1583 hoc
541 1544 605 1584 esse
624 1525 765 1606 incipiet,
803 1547 838 1585 ex
857 1547 921 1606 qno
946 1547 1015 1584 cum
1038 1525 1136 1586 alieno

64 1613 135 1671 niro
168 1612 264 1669 sciens
297 1604 462 1675 cubaverit
505 1607 592 1666 Sicut
617 1609 650 1667 iu
672 1610 743 1688 jtute·
768 1609 967 1690 praediorum
992 1621 1052 1669 tam
1080 1611 1136 1671 diu

65 1696 204 1774 quisque
234 1692 331 1752 bonae
359 1689 431 1751 fidei
455 1712 612 1774 possessor
631 1695 795 1751 rectissime
819 1693 949 1768 dicitm,
966 1715 1056 1774 quam
1080 1694 1135 1753 diu

65 1776 274 1859 repossidere
293 1777 412 1858 ignorat
428 1775 572 1835 alienum:
591 1794 745 1839 cumrato
767 1779 889 1854 scierit,
912 1798 968 1837 nec
992 1778 1031 1837 ab
1059 1777 1135 1837 alie-
1217 1800 1220 1805 ’

64 1880 109 1918 na
134 1862 325 1941 possessione
358 1860 533 1933 recesserit,
556 1914 559 1919 .
580 1871 664 1941 tuuc,
683 1859 782 1921 malae
802 1859 876 1922 fidei
905 1861 1135 1944 perhibebitur,

63 1953 142 2002 tunc
167 1946 250 2025 juste
270 1946 402 2024 injustus
424 1955 559 2003 vocatur.
600 1942 691 2003 Absit
708 1954 804 2028 ergo,
826 1957 862 2006 ut
879 1966 967 2004 sensu
985 1966 1046 2005 non
1068 1944 1132 2003 hu·'

61 2047 172 2101 mann,
199 2027 252 2086 sed
277 2028 366 2109 plane
380 2047 463 2099 ‚vano
485 2029 529 2085 sic
555 2026 722 2104 doleamuS,
748 2050 815 2088 cum
833 2027 946 2112 flagitia
967 2032 1130 2112 corrigun-

59 2121 135 2184 tur,
158 2122 302 2190 tanquam
324 2109 477 2171 connubia
498 2110 696 2188 dirimantur,
720 2114 854 2173 maxime
869 2115 900 2172 in
918 2115 1038 2173 civitate
1059 2115 1129 2172 Do-

60 2195 156 2268 mini,
187 2195 217 2253 in
237 2188 464 2257 montesancto
489 2194 568 2274 ejus,
588 2191 651 2256 huc
667 2206 721 2271 est,
745 2199 777 2255 in
792 2195 942 2269 Ecclesia,
968 2196 1020 2254 ubi
1045 2217 1130 2276 nup·
1162 2262 1167 2273 ι

62 2281 176 2340 tiaram
195 2298 259 2338 non
277 2279 374 2339 solum
390 2277 566 2353 vinculum,
597 2281 814 2337 verumetiam
835 2290 1054 2337 sacramentum
1084 2280 1128 2335 ita
1137 2261 1300 2349 {glffss'fflf‘

67 2362 309 2441 commendatur,
329 2375 366 2424 ut
386 2383 449 2423 non
473 2360 561 2421 liceat
575 2362 643 2419 viro
662 2381 786 2419 uxorem
808 2378 891 2418 snam
916 2359 1004 2418 alteri
1024 2360 1189 2448 trade-{2¹3²¹
1203 2357 1292 2410 *uvis*

62 2466 115 2509 re:
145 2447 285 2527 quod·in
310 2468 345 2507 re
374 2445 498 2528 publica
527 2454 602 2501 tunc
628 2444 781 2516 Romana,
803 2461 866 2500 non
886 2441 985 2501 solum
1006 2443 1129 2501 minime
1190 2433 1197 2448 ⁸

59 2529 271 2613 culpabiliter,
289 2529 499 2590 verumetiam
516 2524 712 2585 laudabiliter
725 2525 801 2585 Cato
813 2523 1129 2607 fecisseperhibetur.:
1196 2542 1200 2548 ·

143 2651 174 2703 2.
215 2637 324 2695 IDEM
343 2632 397 2691 lib.
418 2644 446 2698 1.
464 2630 503 2689 de
522 2631 637 2712 nuptiis
657 2631 955 2707 etconcupisccntia,
975 2653 1040 2713 cap.
1059 2645 1127 2699 10..

62 2723 221 2797 Quoniam
252 2739 323 2777 sane
351 2735 414 2773 non
443 2727 564 2774 tantum
591 2714 803 2794 foecunditas,
844 2716 933 2797 cujus
957 2716 1077 2775 fructus
1096 2719 1128 2776 in

60 2803 153 2890 prole
170 2815 229 2877 est,
264 2821 321 2860 nec
344 2809 461 2857 tantum
489 2797 658 2884 pudicitia,
688 2805 777 2883 cujus
798 2801 952 2860 vinculum
976 2813 1021 2859 cst
1040 2800 1147 2878 fides,

58 2907 168 2949 verum
192 2887 281 2944 etiam
312 2882 467 2965 quoddam
497 2895 715 2944 sacramentum
738 2888 914 2967 nuptiarum
935 2886 1129 2945 commenda-

58 2984 117 3033 tur
136 2965 280 3028 fidelibus
297 2969 481 3050 conjugatis.
525 2967 614 3027 Unde
631 2968 706 3029 dicit
722 2970 888 3053 Apostolus
897 2982 912 3027 'r
939 2968 1023 3044 Viri,
1056 2968 1128 3027 dili·
1139 2947 1285 3048 ,212⁰ssssss

61 3057 128 3138 gite
154 3073 263 3113 uxores
284 3064 414 3128 vestras,
434 3054 514 3111 sicut
536 3065 567 3111 et
588 3050 728 3114 Christus
749 3054 854 3113 dilexit
862 3051 1046 3114 Ecclesiam:
1065 3051 1127 3110 hu·
1136 3058 1203 3087 Μ’

55 3141 114 3222 jus
145 3137 257 3217 procul
296 3137 394 3197 dnbio
424 3139 604 3196 sacramenti
631 3157 680 3196 res
712 3150 776 3212 est,
802 3149 837 3197 ut
857 3157 919 3196 mas
943 3149 973 3195 et
996 3136 1127 3196 foemina
1173 3168 1176 3175 ·

57 3221 219 3284 connubio
243 3220 407 3304 copulati,
430 3221 579 3302 quamdin
597 3222 723 3296 vivunt,
757 3220 1001 3303 inseparabiliter
1021 3240 1128 3302 perse·

55 3315 183 3380 terent,
220 3326 276 3365 nec
304 3306 395 3365 liceat
423 3319 547 3388 excepta
573 3325 663 3366 causa
687 3305 921 3387 fornicationis,
952 3325 968 3364 a
997 3307 1129 3387 conjuge

55 3393 225 3471 conjugem
257 3390 367 3449 dirimi.
420 3391 487 3450 Hoc
514 3390 593 3448 enim
615 3388 791 3450 custoditur
817 3390 849 3447 in
871 3387 995 3448 Christo
1018 3399 1047 3448 et
1065 3388 1123 3445 Ec·
1137 3388 1299 3491 ἓνξθξὸιιέὅ·

10 3496 13 3501 ·
58 3475 170 3559 clesia,
201 3486 236 3534 ut
273 3479 375 3534 vivens
403 3495 472 3532 cum
506 3475 624 3533 virente
652 3475 683 3533 in
705 3474 863 3533 aeternum
881 3472 966 3532 nullo
993 3472 1126 3531 divortio
1157 3456 1188 3482 θ’
1219 3465 1225 3485 ’

56 3569 231 3641 separetur.
275 3558 372 3637 Cujus
388 3559 566 3618 sacramenti
585 3566 670 3618 tanta
690 3558 864 3617 observatio
890 3568 934 3616 est
956 3558 986 3615 in
1008 3558 1127 3614 civitate
1139 3555 1284 3608 rutam.

56 3644 121 3705 Dei
154 3644 270 3718 nostri,
308 3644 339 3701 in
376 3655 479 3702 monte
509 3655 615 3701 sancto
642 3644 732 3722 ejus,
768 3641 827 3702 boc
846 3651 911 3715 est,
931 3643 963 3698 in
989 3639 1127 3699 Ecclesia

57 3724 176 3788 Christi
215 3727 392 3810 quibusque
423 3723 568 3786 fidelibus
602 3727 795 3808 conjugatis,
842 3725 896 3805 qui
928 3725 991 3782 sine
1027 3722 1125 3782 dubio

56 3809 197 3875 membra
235 3823 307 3871 sunt
340 3810 471 3883 Christi,
517 3820 553 3868 ut
584 3828 655 3869 cum
689 3808 823 3870 filiorum
859 3805 1125 3888 procreandorum

58 3914 153 3957 causa
171 3895 217 3954 vel
237 3895 355 3954 nubant
372 3895 542 3969 foeminae,
570 3892 618 3953 vel
644 3893 797 3955 ducantur
816 3910 946 3967 uxores,
976 3910 1033 3949 nec
1061 3902 1123 3950 ste·
1184 3937 1188 3945 .

54 3970 149 4041 rilem
167 3980 328 4061 conjugem
362 3978 466 4038 fassit
492 3976 687 4056 relinquere,
710 3989 747 4038 ut
772 3977 830 4036 alia
856 3974 1007 4034 foecunda
1028 3974 1125 4034 duea-

53 4075 121 4123 tur.
167 4063 261 4136 Quod
280 4066 306 4121 si
326 4065 487 4145 quisquam
501 4060 631 4137 fecerit,
646 4080 709 4120 non
730 4061 795 4143 lege
816 4059 910 4137 hujus
926 4057 1054 4134 saeculi,
1071 4057 1124 4117 ubi

57 4147 283 4208 interveniente
312 4149 460 4228 repudio,
497 4148 562 4205 sine
597 4146 722 4204 crimine
747 4143 938 4216 conceditur,
967 4144 1032 4200 cum
1061 4143 1127 4202 aliis

56 4230 122 4293 alia
150 4228 298 4314 copulare
330 4230 495 4290 connubia.
539 4227 633 4306 Quod
656 4231 746 4288 etiam
765 4239 902 4303 sanctum
916 4229 1043 4303 Moysen
1062 4205 1298 4287 Do-M'l‘l‘ff'8
