2790 4792
286 355 364 433 asa
476 346 601 461 ‘nu
640 345 1100 415 sscnsuuuro
1151 335 1173 405 f

288 530 448 608 laventur,
478 542 510 592 et
535 533 566 592 in
589 531 673 612 alia,
703 530 775 595 ‚vela
794 535 962 616 januarum.
1017 531 1067 592 De
1086 530 1158 590 vebs
1181 537 1285 590 autem
1306 530 1349 612 ja·

288 636 418 677 nuaram
430 659 440 693 ,
472 637 545 676 cura
578 618 634 677 sit.
656 616 796 679 Ostiariis
818 635 853 676 ex
874 617 1080 677 admonitione
1110 615 1290 692 Majorum,
1317 635 1348 674 ue

290 701 358 782 quis
379 699 531 783 negligens
553 711 607 760 aut
631 702 775 783 ignarus,
802 699 840 761 ad
862 700 962 761 velum
979 702 1088 780 januae
1107 698 1215 757 domus
1243 698 1348 758 Domi·

289 785 342 858 ui,
362 805 477 847 manus
511 783 666 844 incondite
693 796 809 866 tergat:
844 785 897 845 sed
915 796 1030 845 statim
1052 783 1227 856 coercitus,
1256 781 1347 842 discat

290 867 515 944 omnishomo,
552 870 624 949 quia
646 868 746 929 velum
771 870 840 929 atrii
863 869 970 928 domus
998 867 1120 926 Domini
1142 868 1281 925 sanctum
1300 877 1347 926 est

301 952 308 967 ⁸
373 966 418 1020 5..
444 950 554 1011 BEDA
583 952 617 1010 L.
654 953 680 1017 Ι.
717 951 824 1013 histor.
855 951 971 1035 Anglic'.
1005 973 1070 1033 cap.
1090 962 1166 1016 29..·
1198 948 1347 1009 Praeterea

290 1034 371 1096 idem
393 1035 478 1118 Papa
506 1037 672 1118 Gregorius
700 1035 870 1118 Augustino
892 1037 1067 1119 Episcopo,
1100 1035 1172 1114 quia
1193 1053 1347 1116 suggesse·

293 1131 341 1180 rat
365 1121 413 1195 ei,
431 1117 556 1179 multam
593 1120 717 1200 quidem
749 1121 807 1179 sibi
841 1140 905 1179 esse
932 1141 1072 1195 messem,
1109 1116 1162 1176 sed
1189 1136 1345 1199 operarios

292 1223 431 1287 paucos,
457 1205 538 1263 misit
567 1224 637 1264 curu
671 1203 804 1285 praefatis
829 1204 978 1284 legatariis
1001 1206 1062 1263 suis
1080 1200 1183 1283 plures
1203 1221 1347 1283 coopera-

135 1301 272 1364 πυρκαιῆς
294 1299 374 1348 tores
403 1308 438 1346 ac
460 1287 547 1347 verbi
571 1289 741 1347 ministros:
761 1291 791 1346 in
811 1288 923 1366 quibus
944 1289 1036 1369 primi
1051 1299 1079 1344 et
1095 1286 1246 1366 praecipui
1270 1295 1346 1345 eraut

119 1357 430 1445 ,fffflssfifflssbdellitus
442 1414 452 1447 ,
475 1373 578 1432 iustus
620 1370 784 1447 Paulinus,
806 1368 1004 1445 Rufininbus,
1029 1382 1059 1429 et
1081 1390 1135 1450 per
1155 1389 1208 1427 eos
1230 1389 1346 1452 genera·

119 1450 367 1541 ffistss'jffigjlrter
390 1457 548 1531 universa,
581 1478 659 1538 quae
683 1455 723 1516 ad
749 1455 865 1514 cultum
891 1465 978 1514 erant
1008 1474 1042 1513 ac
1072 1450 1345 1513 ministerium'Ec-

119 1551 206 1605 genus.
296 1538 402 1600 clesiae
427 1542 616 1618 neccssaria,
635 1560 704 1600 rasa
729 1538 870 1599 videlicet
899 1558 999 1612 sacra,
1032 1549 1062 1596 et
1083 1540 1261 1597 vestimenta
1278 1536 1345 1596 alta-
1386 1536 1390 1601 ¹,

297 1626 391 1683 rium:
421 1636 595 1685 ornamenta
619 1646 743 1706 quoque
769 1621 989 1696 Ecclesiamm,
1024 1633 1054 1682 et
1087 1619 1290 1681 sacerdotalia
1304 1618 1344 1679 rel
1388 1634 1390 1639 '

122 1741 221 1782 rantum
232 1740 285 1793 upt-
296 1705 448 1767 clericalia
471 1707 659 1785 indumenta,
679 1720 853 1768 sanctorum
867 1708 955 1765 etiam
974 1704 1192 1786 Apostolorum
1220 1726 1257 1765 ae
1273 1725 1346 1765 mar-

122 1802 252 1844 ‚soporum
295 1804 400 1866 tyrum
416 1790 579 1872 reliquias,
604 1811 661 1851 uec
681 1812 741 1851 uon
762 1804 793 1851 et
818 1789 938 1851 codices
960 1789 1119 1870 plurimos.
1161 1789 1249 1849 Misit
1269 1792 1347 1849 etiam
1387 1830 1390 1850 .

297 1874 414 1948 literas,
441 1875 471 1931 in
492 1873 604 1954 quibus
625 1874 795 1955 significat,
819 1893 850 1932 se
876 1874 902 1930 ei
922 1872 1047 1954 pallium
1072 1872 1239 1949 direxisse,
1268 1871 1357 1933 simul‘
1387 1862 1390 1901 ¹

301 1959 361 2099 eieb
374 1957 526 2034 insinuat,
567 1957 697 2038 qualiter
726 1959 898 2040 Episcopus
927 1958 957 2014 in
983 1956 1137 2016 Britannia
1170 1957 1348 2017 constituere
1386 1948 1390 2017 l

302 2040 324 2100 d
363 2042 465 2099 uisset.
665 2089 670 2097 .

386 2137 411 2191 1.
432 2125 466 2183 L.
509 2122 735 2185 CYPRIANUS
760 2127 792 2184 L.
815 2125 839 2184 Ι.
864 2126 948 2208 epist
974 2136 1002 2190 9.
1031 2123 1069 2183 ad
1095 2122 1220 2182 Clarum
1240 2120 1348 2207 etple-

138 2226 278 2287 eaestsetus
299 2206 368 2269 bem
391 2208 645 2269 Furnitauorum=
681 2209 827 2291 Episcopi
864 2221 1064 2269 antecessores
1093 2210 1191 2266 nostri
1214 2206 1346 2291 religiose

123 2279 268 2370 fflssfissw
300 2292 543 2369 considerantes,
575 2304 605 2351 et
619 2290 791 2352 ‘salubriter
818 2292 1033 2376 providentes,
1074 2304 1278 2367 censuerunt,
1313 2311 1349 2351 ne

200 2440 202 2443 .
298 2379 367 2460 quis
386 2378 481 2438 frater
505 2376 668 2454 excedens,
700 2378 738 2437 ad
753 2377 876 2437 tutelam
905 2376 1066 2436 vclcuram
1089 2375 1238 2435 clericum
1257 2377 1351 2436 nomi-

296 2475 399 2524 naret:
439 2482 473 2521 ac
495 2462 520 2520 si
540 2464 608 2543 quis
622 2460 683 2521 boc
702 2462 839 2535 fecisset,
868 2482 929 2521 uon
944 2460 1105 2521 offerretur
1132 2481 1192 2541 pro
1213 2478 1271 2537 eo,
1297 2480 1351 2521 uec

266 2603 271 2618 ,
297 2545 479 2607 sacrificium
533 2567 569 2607 ro
594 2545 776 2607 dormitione
812 2547 879 2624 ejus
908 2543 1132 2611 celebraretur3
1157 2547 1352 2626 nequeenim

296 2653 312 2690 a
336 2631 378 2690 ud
397 2629 489 2688 altare
505 2567 563 2688 bei
582 2642 714 2689 meretur
736 2630 886 2690 nominari
907 2631 938 2688 in
956 2629 1144 2688 sacerdotum
1163 2650 1275 2709 prece,
1297 2628 1351 2710 qui

295 2654 334 2773 al
362 2712 448 2773 altari
469 2712 651 2773 'sacerdotes
676 2724 705 2772 et
734 2715 883 2773 ministros
918 2711 1016 2771 voluit
1043 2733 1191 2790 avocare,
1221 2724 1254 2774 et
1282 2712 1349 2774 ideo

293 2797 404 2857 Victor
442 2815 511 2854 cum
546 2808 653 2855 contra
686 2798 812 2855 formam
837 2817 935 2877 nuper
961 2798 992 2854 in
1015 2796 1147 2855 concilio
1171 2797 1351 2857 asaeerdo·

293 2879 376 2939 tibus
401 2878 521 2954 damin,
554 2881 723 2939 Geminium
746 2882 923 2940 Faustinum
954 2879 1162 2961 presbyterum
1191 2892 1284 2940 ausus
1308 2884 1348 2941 sil

292 2964 660 3040 tutoremcoustituere,
697 2985 759 3022 non
791 2974 854 3038 cst,
887 2963 974 3042 quod
998 2985 1057 3045 pro
1076 2965 1265 3025 dormitione
1283 2966 1350 3046 ejus

294 3047 377 3129 apud
396 3069 448 3107 ros
465 3045 519 3107 fiat
536 3044 671 3120 oblatio,
698 3059 749 3105 aut
771 3047 943 3128 deprecatio
971 3047 1072 3127 aliqua
1091 3051 1211 3107 nomine
1229 3033 1300 3129 eju‘s
1316 3050 1348 3109 iu

293 3131 428 3191 Ecclesia
448 3133 674 3212 frequentetur,
710 3143 742 3189 ut
765 3130 957 3198 sacerdotum
977 3132 1133 3191 decretum
1155 3131 1299 3216 religiose
1319 3142 1350 3192 et

293 3217 458 3277 necessarie
492 3216 604 3277 factum
638 3228 773 3276 servetur
803 3214 943 3275 anobis:
974 3216 1062 3275 simul
1082 3228 1112 3276 et
1132 3218 1259 3276 caeteris
1284 3217 1349 3277 fra-

292 3298 391 3359 tribus
427 3300 517 3360 detur
552 3299 738 3382 exemplum,
769 3319 806 3357 ne
834 3301 902 3380 quis
929 3299 1101 3359 sacerdotes
1131 3310 1160 3360 et
1192 3302 1348 3361 ministros

292 3383 371 3458 Dei,
396 3381 482 3443 altari
505 3387 571 3465 ejus
589 3397 618 3445 et
641 3384 791 3443 Ecclesiae
813 3396 974 3459 vacantes,
999 3383 1037 3442 ad
1059 3384 1226 3444 saeculares
1251 3380 1348 3445 mole'-

292 3468 363 3526 stias
393 3465 536 3536 devocet;
568 3467 725 3528 observari
747 3468 823 3525 enim
847 3467 884 3526 de
908 3480 1025 3527 caetero
1048 3469 1177 3548 poterit,
1209 3489 1248 3528 ue
1267 3468 1346 3529 ultra

291 3546 353 3609 hoc
373 3548 426 3610 fiat
446 3553 527 3610 circa
549 3572 706 3632 personam
736 3551 937 3630 clericorum,
976 3553 1001 3610 si
1025 3552 1110 3633 quod
1133 3572 1216 3613 nunc
1233 3553 1345 3615 faunu

293 3645 359 3711 est,
394 3634 487 3693 fuerit
513 3635 714 3694 vindicatum·
1131 3672 1134 3677 »

80 3780 83 3787 .
120 3751 282 3792 assas.
375 3732 404 3784 a.
447 3712 974 3786 euersosronus'nomir.41;
998 3719 1029 3777 n
1052 3718 1077 3776 1.
1101 3702 1257 3779 couneus
1277 3714 1344 3779 at-

121 3799 257 3889 ¹tffifn²ffiff
282 3801 364 3861 ierit
385 3813 525 3862 mortuus
538 3816 683 3886 peccator
699 3823 789 3878 sane,
826 3802 957 3884 gaudere
981 3800 1084 3877 decet,
1105 3815 1230 3883 peccata
1249 3805 1345 3885 impe·

119 3905 259 3958 naitanum
294 3885 356 3956 dita
376 3906 454 3962 esse,
490 3898 520 3949 et
546 3908 607 3948 nou
637 3887 856 3947 accumulatum
885 3885 1006 3963 malum,
1035 3887 1163 3965 nitique,
1197 3901 1344 3967 quantum

116 3959 358 4038 lbiiif¹⁸”¹‘fie1·i
381 3982 496 4051 potest,
527 3984 561 4032 ut
571 3975 696 4051 juretur
714 3967 777 4031 non
805 3971 954 4045 lacrimis,
979 3968 1033 4029 sed
1053 3991 1161 4052 prece,
1186 3971 1344 4054 supplica·

291 4051 441 4129 tionibus,
468 4053 691 4134 eleemosynis,
720 4052 971 4118 oblationibus..
997 4054 1065 4114 Non
1090 4064 1134 4112 est
1151 4066 1262 4115 temere
1282 4053 1344 4114 hoc

290 4139 522 4218 excogitatum„
541 4159 597 4199 nec
623 4138 736 4199 frustra
752 4138 933 4201 memoriam¹
948 4151 1137 4211 mortuorum
1153 4139 1233 4197 inter
1257 4156 1343 4199 sacru

288 4222 430 4302 mysteria
438 4208 649 4308 celebramus,
672 4235 727 4307 aut
740 4219 909 4285 accedimus
917 4226 934 4302 ,1
942 4224 1027 4321 pso,
1035 4224 1102 4297 utu
1122 4240 1234 4307 agnum
1252 4214 1342 4287 tuan
