2782 4786
260 352 341 427 a„
504 345 584 409 nn
626 339 1086 409 sac-aruntio

91 537 152 578 ¹⁰²⁸
168 532 412 621 ”tgbeouigere
421 528 575 609 affectam,
587 541 620 592 et
641 548 677 591 ea
691 531 762 612 ipsa
774 527 868 613 plura
882 529 1032 591 smissime
1042 528 1189 610 jactant.-
1210 538 1260 607 ut,
1276 533 1339 614 quia
1380 596 1382 601 ,

92 579 257 691 ἷῖιῗιιξῗῖιω
265 623 365 705 ipsam
380 618 682 698 diriore-scripturae
700 615 869 690 ueritatem,
895 635 957 697 qua
970 614 1090 693 ubique
1110 610 1233 672 diffusa
1251 613 1334 676 Chri-

93 680 223 736 ³¹¹⁸⁹”¹⁰¹'
268 708 307 766 sti
329 702 477 765 Ecclesia·
487 698 909 776 commendetur,scrimiuari
930 711 961 759 et
979 699 1157 758 obscurare
1186 717 1257 758 non
1271 721 1331 782 pos·

268 800 350 862 sunt,
370 785 518 861 homines,
540 805 597 868 per
614 784 908 866 quospnedicatur,
932 781 1088 843 adducant
1108 784 1146 841 in
1169 783 1289 860 odium,
1302 785 1332 846 de

145 935 151 946 ,
269 873 382 954 quibus
401 883 431 930 et
450 868 577 952 fingere,
597 868 792 949 quicquidin
804 880 935 928 mentem
949 867 1075 942 venerit,
1092 879 1242 949 possunt
1283 867 1337 930 va

94 935 258 1042 ξῖῗζῖἷῗῖἆζῖ
270 970 370 1017 autem
388 957 515 1015 nonita
533 952 691 1013 didicistis.
704 951 870 1029 Christum,
890 954 916 1011 si
935 963 1034 1012 tamen
1052 949 1143 1010 illum
1159 953 1302 1030 audistis,
1313 964 1339 1014 et

93 1033 300 1132 5?,³,2;,2¹,2¹‚¹,ffin
317 1040 370 1101 illo
387 1041 472 1099 ducti
500 1040 597 1098 estis.-
623 1037 695 1113 lpse
719 1039 842 1120 quippe
874 1034 1080 1103 fidelesauos
1117 1057 1252 1098 securos
1278 1037 1341 1098 fecit

96 1131 149 1171 ⁶¹¹¹·
270 1128 359 1188 etiam
380 1125 420 1184 de
438 1119 702 1204 dispensatoribus
712 1120 809 1196 malie,
831 1121 909 1181 mala
926 1141 982 1182 sua
996 1119 1196 1199 facientibus,
1217 1134 1250 1182 et
1266 1121 1341 1183 hona

94 1178 235 1226 mm
270 1206 562 1291 ejus-loquentibus,
587 1204 643 1264 ubi
659 1206 734 1265 aite-
752 1207 851 1283 Quae
871 1206 989 1282 dicunt,
1011 1205 1114 1282 facite,
1139 1226 1224 1287 quae
1246 1219 1338 1268 autem

270 1294 396 1369 faciunt,
421 1292 520 1353 facere
543 1288 662 1351 nuliter
682 1287 958 1367 dicunt1enim,et
985 1309 1050 1350 nun
1070 1289 1203 1350 faciunt
1249 1290 1337 1352 Orate

271 1378 397 1461 quidem
415 1396 488 1459 pro·
500 1395 558 1452 me,
582 1393 621 1434 nc
637 1373 802 1435 forte-aliis
822 1375 1004 1458 praedicans
1029 1375 1095 1457 ipse
1112 1375 1273 1457 reprobus
1296 1377 1339 1434 in-

269 1465 382 1524 veniar.
425 1461 541 1522 Verum
561 1471 663 1519 umen
679 1459 959 1542 eumgloriamrni,
986 1478 1048 1518 nun
1072 1460 1106 1517 in
1140 1480 1204 1535 me,
1234 1460 1340 1520 sedin

268 1549 407 1609 Domino
424 1543 607 1629 gloriemini.
651 1543 883 1619 Quantumlibet
901 1544 981 1603 enim
993 1540 1099 1625 vigilet
1111 1541 1277 1625 disciplina
1290 1543 1346 1605 do?

269 1652 338 1693 mus
356 1629 568 1706 meae‚·homo
587 1636 666 1706 sum,
685 1639 716 1688 et
740 1630 823 1688 inter
844 1626 983 1688 homines
1004 1628 1091 1689 rivo:
1112 1648 1172 1688 nec
1197 1628 1275 1689 mihi
1295 1649 1341 1689 ιι·

92 1715 252 1806 ffi‘tgtnttffl
271 1734 381 1799 rogare
413 1714 535 1791 audeo,
559 1725 602 1773 ut
629 1710 739 1773 domus
757 1732 824 1773 mea
845 1712 956 1774 melior
978 1713 1028 1787 sit,
1059 1732 1155 1794 quam
1175 1733 1247 1774 arca
1269 1713 1341 1791 Not,

94 1779 223 1865 auranitis
271 1800 326 1860 ubi
343 1813 449 1861 tamen·
464 1801 549 1858 inter
562 1798 635 1857 dcto
653 1795 792 1872 homines
821 1795 974 1880 reprobus
1006 1817 1088 1856 unus
1121 1799 1264 1859 inventus
1293 1809 1340 1858 est

93 1882 236 1976 ἔην’·
270 1883 458 1942 Autrnelior
477 1885 517 1940 sit
538 1900 631 1962 quam
657 1878 764 1942 domus
784 1880 937 1958 Abrahae,
954 1880 1010 1940 ubi
1026 1881 1143 1942 dictum
1164 1894 1225 1942 est:
1254 1883 1341 1963 Ejicc

63 1956 68 1971 ⁸
116 1943 197 1982 Μ’
211 1943 243 1980 ω
271 1966 412 2024 ancillam
436 1977 466 2024 et
483 1963 582 2031 filium
605 1966 694 2044 ejus=
736 1964 800 2025 Aut
813 1966 1025 2045 meliorquam
1043 1966 1151 2026 domus
1174 1967 1268 2041 lsaac,
1289 1968 1339 2025 cui

180 2116 182 2120 ¹
267 2048 306 2107 de
328 2047 449 2107 duobus
472 2048 601 2135 geminis
623 2047 740 2106 dictum
764 2061 828 2109 cst:
870 2048 969 2109 Jacob
998 2049 1105 2126 dilexi,
1123 2051 1205 2108 Esau
1231 2061 1334 2107 autem

90 2146 257 2193 unisonant-
268 2130 342 2193 odio
373 2130 501 2191 habuis
530 2129 603 2192 -hut
618 2129 730 2190 melior
745 2133 787 2192 sit
796 2153 894 2214 =quam
912 2133 1022 2194 domus
1039 2134 1127 2217 psius
1144 2130 1256 2202 Jacob,
1271 2131 1328 2189 ubi

47 2252 50 2258 ,
91 2196 112 2288 ξ
114 2205 256 2300 ‘didicit
267 2215 380 2276 lectum
398 2217 494 2299 patris
516 2212 599 2274 lilius
615 2217 786 2275 moestaritr
827 2216 893 2276 Aut
914 2217 1025 2277 melior
1050 2219 1086 2278 sit
1103 2235 1193 2298 quam
1216 2213 1322 2273 domus

90 2301 156 2341 ¹⁵¹²·
172 2309 207 2350 “1⁴
266 2303 362 2383 ipsius
383 2300 493 2376 David,
521 2301 611 2382 cujus
637 2297 720 2359 filius
744 2320 814 2360 eum
837 2321 946 2362 sorore
966 2301 1139 2376 concubuit,
1170 2299 1258 2379 cujus
1281 2296 1326 2356 al-

266 2397 316 2459 ter
333 2384 415 2446 filius
436 2396 542 2446 contra
566 2386 667 2469 patris
688 2394 749 2444 tam
770 2396 905 2447 sanctam
925 2385 1181 2447 mansuetudinem
1199 2380 1332 2442 rebella·

266 2468 342 2529 vitz'
373 2469 436 2529 Aut
454 2468 566 2530 melior
586 2488 678 2551 quam
695 2469 885 2531 cohabitatio
900 2470 991 2531 Pauli
1018 2469 1175 2554 Apostoli,
1210 2468 1263 2550 qui
1286 2478 1334 2525 ta·

93 2539 175 2584 '¹⁰⁰¹’
188 2553 208 2592 ⁷¹
223 2554 243 2591 ⁵·
267 2574 345 2629 men,
359 2556 386 2613 si
404 2556 484 2614 inter
500 2573 602 2615 omnes
620 2554 718 2614 bonos
738 2553 900 2631 habitaret,
923 2575 987 2615 non
1014 2554 1139 2630 diceret,
1171 2551 1256 2635 quod
1283 2570 1337 2609 su·

267 2641 372 2719 petius
396 2640 658 2698 commemoravit:
701 2640 793 2699 Foris
821 2659 959 2722 pugnae,
991 2641 1075 2698 intus
1107 2642 1248 2699 timores:
1281 2654 1336 2694 nec

268 2721 393 2794 diceret,
413 2741 484 2781 cum
505 2721 544 2780 de
564 2725 722 2784 sanctitate
741 2735 772 2784 et
786 2721 849 2784 fide
866 2722 1017 2783 Timothei
1037 2727 1233 2804 loqueretur:
1274 2720 1337 2779 Ne·

95 2802 178 2858 Plffle
190 2814 209 2854 22
224 2816 256 2853 21·
267 2805 379 2862 minem
395 2803 506 2879 habeo,
531 2807 585 2884 qui
610 2825 750 2889 germane
771 2809 811 2868 de
839 2807 928 2868 vobis
956 2808 1099 2869 solicitus
1134 2811 1184 2868 sit
1229 2804 1337 2865 Omnes

269 2889 348 2948 enim
362 2907 417 2947 sua
438 2901 601 2968 quaerunt,
623 2909 687 2951 uon
707 2913 786 2973 quae
799 2905 870 2952 sunt
888 2893 959 2952 Jesu
982 2892 1107 2952 Christi.
1152 2891 1217 2950 Aut
1235 2889 1338 2948 melior

269 2991 360 3053 quam
388 2971 580 3034 cohabitatio
611 2974 706 3057 ipsius
729 2978 855 3039 Domini
880 2976 1016 3052 Christi,
1046 2978 1078 3035 in
1110 2996 1171 3058 qua
1202 2975 1338 3034 undecim

91 3029 354 3133 iiiiiia¹²i,⁶i2,boni,
375 3054 530 3140 perfidum
557 3069 588 3118 et
614 3060 714 3120 furem
737 3062 848 3132 ludam
870 3060 1104 3121 toleraveruntt
1149 3060 1218 3121 Aut
1235 3058 1337 3119 melior

91 3126 233 3186 ³9⁰⁰·12’9·
267 3144 307 3200 sit
327 3154 485 3224 postremo
513 3162 605 3224 quam
627 3145 753 3222 caelum,
774 3147 858 3206 uude
882 3144 981 3229 augeli
1006 3145 1197 3207 cecideruut.
1276 3170 1281 3180 ¹

352 3239 381 3292 6.
423 3226 529 3286 IDEM
552 3226 740 3312 Augustinus
772 3243 813 3298 49
838 3250 979 3290 sermone
1009 3232 1047 3290 de
1071 3229 1177 3290 verbis
1201 3228 1338 3290 Domini:

97 1360 118 1399 ¹·
132 1353 185 1398 θοι.
194 1363 214 1404 9,
226 1363 260 1402 ¹7.

267 3308 446 3451 Diligentius
469 3322 514 3370 est
533 3324 648 3393 pastor,
674 3312 853 3374 tolerandus
875 3327 920 3375 est
941 3315 1166 3390 mercenarius,
1190 3313 1338 3374 cavendus

268 3405 313 3452 est
349 3403 424 3452 atro.
469 3393 550 3455 Sunt
570 3395 761 3458 homines·in
784 3398 918 3475 ecclesia,
944 3399 983 3459 de
1008 3399 1121 3482 quihus
1143 3398 1227 3459 dicit
1246 3397 1338 3482 Apos-

127 3534 151 3545 ,,
267 3476 362 3553 tolus,
385 3479 438 3559 qui
460 3498 494 3537 ex
513 3484 673 3542 occasione
692 3483 906 3566 evangelizant,
929 3496 1107 3567 quaerentes
1130 3482 1171 3542 ab
1208 3483 1338 3543 homiui·

91 3531 174 3634 ppt,
190 3544 326 3620 ¹'¹⁵'bus
345 3561 504 3622 commoda
526 3583 590 3638 suu,
621 3568 684 3626 sive
702 3562 887 3649 pecuniaria,
917 3571 979 3630 sive
1000 3568 1155 3628 honorum
1174 3569 1229 3627 vel
1250 3566 1337 3629 laudis

266 3643 434 3707 humanae·
470 3646 714 3722 Quomodolibct
735 3652 871 3713 volentes
898 3655 1033 3737 accipere
1058 3672 1189 3713 munera
1216 3670 1336 3736 evange-

264 3729 374 3807 lizant,
403 3742 433 3793 et
462 3751 526 3791 nun
546 3743 608 3793 tam
643 3734 771 3795 salutem
792 3739 859 3818 ejus
882 3737 1115 3819 quaerunt,.cui
1138 3740 1330 3807 annunciant,

265 3835 356 3896 quam
381 3815 576 3877 commodum
599 3837 693 3878 suum·
736 3820 792 3881 Ille
820 3835 932 3898 autem,
960 3826 1013 3904 qui
1037 3821 1124 3883 audit
1144 3812 1328 3883 salutemah

263 3919 311 3973 eo,
336 3902 475 3981 quinon
503 3900 598 3964 hahet
618 3903 765 3981 salutem„
787 3907 813 3964 si
840 3909 867 3966 ei
894 3907 1068 3981 crediderit,
1092 3926 1188 3991 quem
1214 3907 1269 3967 ille
1290 3925 1336 3966 tu·

262 3985 396 4059 nunciat,
418 4004 518 4067 neque
538 3989 571 4046 in
589 3987 643 4049 illo
664 4008 749 4072 spem
770 3995 920 4072 posuerit,
942 4012 999 4074 per
1035 4011 1126 4071 quem
1149 3989 1199 4050 illi
1224 4010 1338 4052 aunuu-

263 4065 362 4123 ciatur
383 4067 475 4129 salus:
509 4072 563 4152 qui
585 4075 766 4151 annunciat,
788 4071 916 4136 habebit
937 4076 1173 4135 detrimentum:
1210 4079 1263 4136 cui
1287 4095 1340 4135 au·

232 4202 237 4207 .
261 4150 442 4228 nunciatur,
465 4151 593 4217 habebit
614 4158 744 4218 lucrum.
786 4157 889 4218 Habes
917 4160 1083 4221 Dominum
1111 4158 1272 4223 dicentem
1304 4157 1339 4218 de

259 4229 439 4313 pharisaeis,
460 4237 644 4302 (lathedrem
663 4244 767 4317 Moysi
787 4241 903 4304 sedeat.
944 4243 1016 4307 Non
1038 4263 1091 4305 eos
1118 4242 1210 4306 solos
1244 4243 1339 4329 signi-2
