2790 4792
267 353 348 424 aas
524 348 609 416 uu
640 312 1111 418 samaxuunro

271 545 302 595 et
319 532 403 595 bibit
421 531 554 620 indigne,
573 526 809 615 judlfilfflksilti
827 532 991 596 manducat
1011 545 1043 595 et
1072 532 1163 594 bibit.
1184 557 1187 563 ·
1206 534 1273 611 Qui
1293 557 1344 597 er·

232 670 234 674 .
270 640 310 702 go
333 618 473 699 quotidie
502 619 705 701 delinquimus
713 662 723 695 ,
747 619 886 700 quotidie
913 617 952 679 ad
980 619 1186 702 poenitentiae
1213 617 1344 681 lamenta

93 695 253 794 wilm
270 712 439 779 curramus,
459 705 534 784 quia
557 705 567 762 i
591 724 624 763 sa
652 701 720 763 sola
743 704 840 764 virtus
862 713 916 780 est,
943 724 1021 784 quae
1034 712 1179 780 evacuat,
1201 703 1289 784 quod
1312 706 1343 764 in

268 800 375 849 ventre
389 789 511 867 ,animae
534 725 623 870 culpa
644 786 808 847 coadunat.
850 786 893 847 Et
912 798 987 847 tunc
1006 808 1076 849 vere
1100 786 1233 865 famelici
1254 799 1342 848 satu-

269 883 387 945 rantur,
411 873 492 953 quia,
516 893 579 952 quo
600 870 766 935 studiosius
779 871 961 931 mundamur
976 871 1108 931 lamento
1121 872 1342 954 poenitentiae,

269 975 306 1015 eo
330 955 506 1015 uberiorem
528 955 648 1016 divinae
669 957 782 1041 gratiae
808 955 946 1015 fructum
970 957 1134 1038 recipimus
1156 956 1188 1014 in
1209 955 1344 1038 spiritali

267 1039 443 1099 refectione.
932 1072 936 1085 ι
1274 1100 1277 1105 ,

92 1161 153 1201 rur·
171 1149 261 1194 conset·
352 1134 382 1189 la·
423 1122 684 1183 AUGUSTINUS.
702 1141 842 1191 sermone
857 1127 959 1206 primo
978 1120 1017 1181 de
1036 1131 1190 1205 tempores
1236 1122 1345 1199 Quan-

93 1207 239 1295 qffijguffi·
269 1217 332 1265 tum
354 1226 515 1289 possumus
537 1228 605 1266 cum
632 1207 691 1267 Dei
721 1208 876 1266 adiutorio
907 1205 1096 1280 laboremus,
1120 1217 1155 1266 ut
1188 1226 1260 1266 cum
1281 1207 1345 1267 siu-

94 1311 159 1346 casto
180 1311 340 1352 corio-cera
362 1294 392 1348 et
413 1311 491 1372 pura
513 1290 707 1367 conscientia,
732 1303 762 1350 et
784 1289 900 1349 ariundo
921 1289 1024 1364 corde,
1053 1300 1083 1347 et
1104 1299 1188 1349 casto
1210 1310 1343 1372 corpore

96 1367 131 1396 ¹⁰⁶
271 1372 311 1436 ad
333 1375 427 1434 altare
448 1376 571 1447 Domini
590 1379 742 1458 possimus
765 1374 917 1446 accedere,
933 1387 964 1434 et
985 1393 1097 1454 corpus
1120 1383 1148 1431 et
1169 1377 1344 1456 sauguinem

272 1460 338 1539 ejus
361 1479 421 1517 non
445 1459 666 1539 adjudicium,
691 1458 744 1520 sed
766 1459 804 1517 ad
819 1460 983 1517 remedium
1002 1459 1115 1516 animae
1132 1471 1257 1518 nostrae
1280 1473 1343 1518 m'e·

98 1591 157 1632 toan
178 1592 199 1631 ⁶,
211 1589 242 1627 ω,
271 1563 392 1603 reamur
409 1546 554 1627 accipere.
600 1543 635 1603 In
656 1541 818 1603 CHRISTI
832 1544 909 1601 enim
924 1562 1057 1623 corpore
1076 1543 1136 1601 vita
1149 1554 1343 1613 nostraequ-

160 1614 166 1628 ’
271 1629 360 1701 sistit,
383 1628 463 1686 sicut
491 1628 557 1709 ipse
575 1626 668 1686 dixit:
710 1627 776 1686 Nisi
797 1626 1048 1685 manducaveritis
1061 1645 1182 1684 carnem
1204 1624 1263 1685 filii
1284 1625 1344 1687 bo-

271 1713 360 1770 minis
387 1723 417 1769 et
442 1710 583 1771 biberitis
613 1713 680 1790 ejus
711 1712 907 1792 sanguinem,
933 1718 994 1767 non
1025 1706 1177 1768 habebitis
1197 1711 1292 1769 vitam
1311 1710 1343 1771 iu

95 1813 164 1872 vitae
177 1812 250 1847 muta·
271 1794 371 1853 vobis.
413 1794 512 1853 Mutet
532 1814 605 1875 crgo
627 1796 729 1866 vitam,
751 1796 804 1873 qui
828 1794 894 1852 vult
915 1796 1052 1874 accipere
1073 1795 1173 1852 vitam.
1216 1792 1295 1855 Nam
1317 1794 1341 1855 si

94 1869 130 1952 ἓξ
142 1866 248 1952 ἶξῖ,“”“
272 1898 335 1936 non
348 1889 445 1936 mutet
464 1879 566 1948 vitam,
581 1875 624 1934 ad
634 1877 785 1955 judicium
798 1879 927 1959 accipiet
942 1887 1041 1952 vitam,
1064 1888 1093 1934 et
1105 1879 1200 1960 magis
1217 1896 1259 1938 'cx
1278 1880 1343 1959 ipsa

274 1962 493 2041 corrumpitur,
508 1980 598 2038 quam
620 1970 752 2034 sanetur,
775 1963 868 2041 magis
881 1961 1044 2035 occiditur,
1057 1980 1145 2040 quam
1158 1959 1337 2020 vivificetur.

350 2057 379 2108 5.
422 2041 602 2104 BASlLlUS
635 2044 764 2124 Magnus
787 2053 903 2121 quaest.
936 2055 1003 2110 172.
1016 2086 1025 2118 ‚
1048 2065 1083 2103 ex
1105 2036 1336 2124 quaestiouibus

97 2126 161 2197 ,ἶῖἷ
270 2126 454 2210 compendio
481 2125 653 2208 explicatis:
674 2127 750 2201 sive,
779 2127 810 2183 iu
832 2125 943 2208 regulis
967 2122 1182 2205 brevioribus,
1205 2131 1337 2189 iuterro-

163 2222 184 2267 ἢ
252 2212 391 2296 ,Βεῑίουο
412 2210 532 2271 eadem:
575 2209 700 2283 Quanto
722 2230 791 2269 cum
802 2212 920 2283 timore,
940 2211 1059 2290 qualive
1074 2234 1143 2271 cum
1163 2213 1253 2272 ammi
1266 2232 1337 2294 per-

270 2299 422 2371 suasione,
443 2295 640 2356 allectioueve
666 2310 779 2376 corpus
808 2307 840 2355 et
866 2297 1041 2376 sanguinem
1073 2296 1233 2356 CHRISTI
1255 2317 1340 2354 com·

270 2381 476 2440 municemus?
518 2380 607 2462 Resp.
650 2378 832 2447 De‚timore
869 2378 992 2459 quidem
1027 2378 1174 2440 habemus
1205 2380 1342 2463 Aposto-

94 2495 261 2540 .,00„„‚27,
272 2466 352 2541 lum,
374 2467 429 2548 qui
450 2465 541 2525 dicit:
586 2465 649 2538 Qui
670 2463 834 2523 manducat
854 2475 885 2522 et
918 2460 1001 2522 bibit
1028 2463 1169 2546 indigne,
1193 2465 1341 2523 iudicium

91 2548 147 2588 ¹³⁰⁶·
160 2550 203 2593 222
218 2548 253 2588 ¹⁹·
272 2550 331 2610 sibi
353 2548 517 2609 manducat
538 2559 567 2607 et
588 2547 678 2609 bibit
722 2548 830 2607 Fidem
850 2559 950 2607 autem
963 2547 1080 2606 faciunt
1093 2547 1186 2608 verba
1203 2549 1339 2626 Domini,

273 2635 327 2713 qui
354 2633 441 2691 dixit:
485 2634 551 2691 Hoc
576 2643 622 2692 est
644 2650 759 2713 corpus
780 2652 889 2706 meum,
915 2631 1000 2712 quod
1032 2653 1090 2712 pro
1113 2631 1201 2690 vobis
1227 2633 1339 2692 dature

272 2716 332 2775 hoc
352 2716 442 2775 facite
460 2717 491 2773 in
507 2735 600 2775 meam
614 2718 960 2779 ‚commemorationem
983 2726 1014 2775 et
1024 2717 1230 2775 testimonium
1243 2719 1341 2798 {etiam

92 2839 163 2882 ridor
178 2834 207 2878 a,
223 2848 252 2876 ,ο
271 2801 408 2874 loannis,
427 2800 492 2877 qui,
520 2819 590 2857 cum
608 2797 738 2880 gloriam
763 2798 848 2866 verbi
879 2802 966 2880 prius
985 2801 1147 2882 posuisset,
1169 2813 1242 2881 post
1264 2821 1340 2860 con·-

94 2891 163 2949 spate
179 2883 384 2946 comesenim.
399 2881 524 2942 modum
553 2894 728 2965 assumptae¹
750 2880 946 2947 humanitatis
978 2884 1106 2957 adiecit,
1139 2905 1210 2943 cum
1241 2884 1336 2945 dixit:

92 2938 261 3044 llmlj‘il‘l'l?
271 2967 410 3028 Verbum
437 2986 510 3026 caro
532 2965 646 3025 lactum
668 2977 714 3025 est
740 2978 782 3040 et,-
799 2965 949 3026 habitavit
969 2969 1001 3026 in
1027 2965 1135 3026 nobis:
1158 2979 1187 3026 et
1208 2967 1339 3028 vidimus

91 3037 236 3135 iiniiiiiit'
271 3050 399 3135 gloriam
420 3053 497 3132 ejus,
520 3048 648 3134 gloriam
672 3052 759 3129 quasi
782 3051 927 3130 unigeniti
951 3071 969 3110 a
992 3063 1089 3132 patre,
1119 3050 1243 3134 plenum
1265 3073 1337 3135 gra-

94 3132 234 3176 ⁰⁰¹⁸¹²¹¹¹¹¹l⁰·
268 3138 327 3196 tiae
354 3148 384 3196 et
405 3136 557 3204 veritatis3
588 3136 721 3214 itemque
755 3133 921 3215 Apostoli,
955 3135 1037 3217 apud
1065 3156 1156 3215 quem
1188 3137 1336 3217 scriptum

91 3187 331 3291 maliolis-est:
376 3220 472 3296 Quod
494 3239 563 3278 cum
585 3222 617 3277 in
638 3219 737 3281 forma
757 3218 816 3277 Dei
843 3230 935 3294 esset,
957 3240 1020 3280 non
1041 3220 1176 3301 rapinam
1199 3219 1334 3280 arbitra-

94 3293 243 3374 iiiiilma.
266 3318 316 3365 tus
338 3317 466 3365 estesse
488 3301 793 3384 scaequaletcho,
827 3303 880 3362 sed
908 3316 1000 3363 semet
1030 3304 1132 3386 ipsum
1161 3305 1332 3379 exinanivit,

94 3380 185 3422 md·
198 3386 392 3449 ⁶‘⁸·formam
412 3390 491 3448 servi
513 3390 674 3468 accipiens,
697 3407 730 3447 m
756 3385 1132 3447 similitudinebominum
1154 3388 1263 3463 factus,
1289 3399 1328 3448 et

265 3473 373 3534 babitu
393 3475 530 3531 inventus
543 3484 579 3531 ut
591 3470 694 3548 bomo,
711 3469 882 3530 humiliavit
902 3483 995 3531 semet
1006 3471 1115 3554 ipsum,
1136 3472 1234 3532 factus
1257 3470 1334 3531 obe-

265 3559 350 3618 diens
371 3556 529 3637 usquead
549 3569 685 3631 mortem,
706 3567 832 3615 mortem
861 3567 960 3615 autem
981 3557 1088 3616 crucis.
1124 3556 1333 3631 Quotiescun-

267 3662 324 3723 que
345 3643 438 3724 iqitur
459 3642 585 3716 animus,
607 3637 668 3698 lide
679 3637 733 3698 bis
753 3651 845 3720 atque
861 3639 1039 3720 hujusmodi
1056 3638 1157 3699 verbis
1182 3639 1329 3715 adbibita,

267 3747 327 3806 qua
349 3725 471 3806 quidem
492 3724 524 3783 in
545 3725 752 3806 cognitionem
772 3718 887 3783 venerit
897 3726 1061 3804 majestatis
1082 3735 1184 3784 tantae
1206 3723 1328 3807 gloriae,

218 3855 235 3889 ,1
267 3830 327 3890 qua
360 3831 432 3868 vero
456 3807 662 3869 incredibilem
692 3810 929 3892 magnitudinem
960 3808 1138 3869 humilitatis
1167 3805 1329 3869 etobedi-

63 3858 254 3955 'sutilieiiiim
268 3895 363 3952 entiae
389 3894 552 3954 admiratus
580 3894 694 3969 fuerit,
721 3892 804 3974 quod
834 3893 974 3952 videlicet
1004 3893 1053 3953 ille
1079 3893 1148 3954 talis
1171 3914 1206 3953 ac
1226 3904 1328 3953 tantus

237 4036 240 4044 ,
267 3977 346 4060 patri
369 3977 532 4055 obediens,
560 3978 655 4038 fuerit
676 3997 773 4058 usque
796 3976 833 4037 ad
862 3988 991 4037 mortem
1018 3997 1077 4062 pro
1111 3978 1173 4037 rita
1206 3989 1330 4037 nostra:

268 4083 396 4144 prorsus
418 4064 449 4120 in
477 4082 515 4123 eo
535 4065 691 4127 caritatem
704 4116 706 4125 .
720 4061 855 4123 arbitror
886 4063 1011 4121 ,excitari
1035 4081 1106 4145 erga
1135 4062 1237 4121 Deum
1271 4081 1331 4143 pa-

43 4154 46 4169 '
88 4185 156 4234 nom.
170 4191 196 4235 θ’
217 4190 252 4231 5„
262 4158 349 4222 trem,
370 4147 423 4228 qui
442 4147 569 4229 proprio
593 4145 658 4209 filio
677 4166 742 4209 uon
760 4147 939 4228 pepercerit,
961 4146 1015 4206 s'ed
1035 4167 1096 4229 pro
1110 4145 1208 4209 nobis
1229 4145 1346 4205 omui».

150 4274 156 4293 .
191 4280 196 4288 .
258 4231 324 4295 ι1)ιιε
345 4227 436 4294 illum·
449 4227 635 4311 tradiderim
650 4229 857 4312 simfliter-xus:
870 4226 1350 4317 impellitddiltgendum..xini⁴1
