2782 4786
285 300 386 381 aar·
545 301 625 367 nr
677 270 1151 412 sacaauuuro

378 510 407 566 r.
433 496 678 562 tottctututt
689 496 837 558 undem.
859 516 930 565 sess,
953 508 1021 578 aaz,
1039 507 1111 584 ‘erp
1133 511 1173 580 s,
1201 512 1240 565 et
1264 498 1320 570 cm
1339 525 1365 589 3,

295 584 443 666 utsupra
465 585 697 664 quaestione³1.
738 583 778 648 A,
799 592 833 650 7.·
1076 616 1083 647 ,ι

379 681 409 736 ὅ.
451 665 708 815 ΔΗΟΠδΤῌῖΰδ
729 664 787 747 lib.
801 666 844 745 II,
858 679 967 727 contra
983 668 1146 750 epistolam
1167 669 1353 758 Parmeauoi,

296 765 331 814 ut
354 774 389 811 su
412 771 445 811 ra
469 749 592 810 ibidem.
653 795 660 809 .

380 774 411 904 til
453 831 694 901 GREGORIUS
708 830 838 916 Magnus
856 833 887 892 in
907 852 972 916 cap.
992 847 1040 901 10.
1058 834 1112 896 lib.
1130 836 1157 899 1.
1172 861 1297 925 regum
1327 845 1355 906 ιι

294 918 477 981 Ambrosius
495 921 527 978 in
550 919 764 979 duodecimum
792 929 884 1001 caput
907 920 1024 1000 prioris
1043 921 1092 980 ad·
1110 923 1319 1007 Corinthios,
1334 943 1358 992 ut

191 1006 193 1011 ’
294 1025 397 1088 supra,
416 1016 530 1085 quaest.
553 1017 578 1069 t.
621 1002 656 1061 A.
676 1015 695 1068 5
719 1012 748 1060 et
758 999 794 1082 13.
861 1065 872 1081 ρ
1173 1054 1176 1061 ,

374 1089 408 1149 Β.
431 1086 678 1149 ,CYPBJANUS
700 1085 755 1146 lib.
772 1086 808 1163 1,
828 1087 916 1168 epist.
934 1099 963 1154 6.
977 1085 1015 1146 ad
1039 1089 1212 1172 Magnum:
1238 1096 1272 1156 Si
1294 1099 1357 1182 apud

237 1206 240 1212 ,
290 1164 492 1233 Novatiaoum
514 1183 559 1231 est
582 1170 760 1243 Ecclesiae
783 1169 825 1245 ud
845 1170 1019 1230 Cornelium
1039 1192 1102 1232 non
1128 1177 1202 1239 fuit.
1250 1180 1283 1242 Si
1300 1205 1357 1245 vem

291 1246 379 1340 apud
394 1255 569 1316 Cornelium
592 1255 660 1332 suit,
683 1255 737 1335 qui
760 1192 897 1315 labiano
929 1255 1087 1339 Episcopo
1112 1258 1257 1343 legitima
1291 1268 1359 1329 0131.

288 1344 413 1401 natione
431 1352 585 1417 successit,
607 1353 640 1400 et
659 1360 749 1420 quem
772 1351 894 1420 praeter
915 1339 1082 1400 sacerdotii
1101 1341 1272 1424 honorem,
1293 1374 1364 1412 nan·

287 1428 512 1506 tyriorqutaque
544 1422 693 1485 Dominus
722 1420 925 1506 glorificavit,
942 1423 1135 1488 Novatiaous
1162 1432 1196 1490 iu
1231 1432 1357 1499 Ecclesia

105 1560 107 1569 .
290 1532 352 1571 non
374 1522 427 1584 est,
449 1528 507 1569 nec
534 1508 709 1590 Episcopus
733 1509 903 1589 computari
923 1521 1036 1588 potest,
1059 1513 1117 1590 qui
1134 1513 1319 1600 Evangelica
1334 1534 1358 1583 et

113 1593 264 1637 F⁸m¹¹¹³⁸¹¹⁰·
292 1593 470 1679 Apostolica
490 1594 656 1654 traditione
674 1603 849 1673 contempta
874 1592 985 1650 nemini
997 1595 1187 1674 succedens,
1214 1623 1278 1662 ase
1296 1606 1354 1688 ipso

114 1643 281 1743 iii‘iiiliriii
292 1688 378 1740 ortus
399 1680 464 1738 esti
485 1676 600 1738 habere
620 1695 752 1757 namque
773 1687 827 1734 aut
848 1686 951 1735 tenere
966 1677 1127 1740 ecclesiam
1156 1685 1245 1746 nullo
1270 1691 1355 1750 modo

115 1747 181 1782 ‘'¹⁸¹''
196 1746 239 1781 '⁸¹'
288 1775 396 1845 potest,
416 1763 646 1843 quiordinatus
676 1761 707 1819 iu
731 1758 868 1820 Ecclesia
895 1781 957 1821 nou
982 1775 1036 1822 est.
1079 1759 1172 1826 Foris
1199 1774 1282 1830 enim
1301 1785 1389 1839 non,

288 1868 351 1906 esse
378 1846 563 1919 Ecclesiam,
592 1866 648 1919 nec
674 1844 771 1905 scindi
794 1843 954 1906 adversum
980 1864 1028 1922 se,
1051 1861 1108 1909 ant
1138 1850 1235 1914 dividi
1257 1877 1351 1938 posse,
1378 1890 1387 1927 r

287 1930 340 1989 sed
371 1929 581 2010 inseparabilis
609 1940 702 2008 atque
730 1927 904 1988 individuae
933 1928 1045 1988 domus
1077 1935 1227 1996 unitatem
1256 1953 1352 2002 tenere

286 2002 459 2071 manifestat
476 2013 644 2093 scripturae
670 2010 786 2070 divinae
808 2009 903 2088 fides,
926 2033 996 2072 cum
1023 2014 1059 2074 de
1084 2034 1272 2080 sacramento
1291 2046 1352 2105 pa·

285 2094 375 2155 sehae
394 2108 424 2156 et
449 2097 527 2179 agni,
555 2096 608 2176 qui
627 2098 722 2178 agnus
747 2092 901 2154 Christum
923 2096 1100 2180 designabat,
1124 2103 1273 2181 seriptum
1287 2109 1362 2167 site·

283 2179 514 2242 Indomitos
538 2179 724 2255 comedetur,
747 2199 810 2238 nou
832 2181 961 2259 ejicietis
982 2184 1021 2244 de
1042 2180 1127 2241 domo
1145 2203 1264 2243 carnem
1282 2187 1337 2246 fo-

283 2285 341 2326 ras.
386 2264 480 2343 Quod
502 2265 585 2326 idem
608 2266 691 2335 circa
705 2262 800 2339 Raab,
823 2285 900 2344 quae
921 2265 986 2348 ipsa
1008 2287 1126 2349 quoque
1137 2278 1246 2351 typum
1264 2291 1336 2353 por·

282 2349 369 2411 tabat
387 2349 552 2428 Ecclesiae,
572 2368 745 2431 expressum
763 2347 913 2425 videmus,
941 2352 991 2410 cui
1026 2351 1179 2412 mandatur
1207 2365 1239 2414 et
1266 2355 1343 2415 dici·

86 2452 175 2495 sone
191 2458 217 2503 2,
232 2446 351 2508 mur:
394 2424 518 2496 Patrem
540 2434 657 2510 tuum,
677 2444 855 2493 et'matrem
878 2447 977 2510 tuam,
1007 2446 1037 2496 et
1069 2435 1172 2498 fratres
1196 2449 1289 2516 tuos,
1315 2451 1347 2501 et

281 2531 393 2580 totam·
408 2519 531 2580 domum
563 2519 661 2603 patris
684 2518 731 2597 tui
763 2515 888 2600 colliges
921 2518 960 2577 ad
981 2529 1020 2593 ¹te
1048 2522 1144 2603 ipsam
1163 2526 1196 2582 in
1223 2523 1347 2584 domum

279 2616 373 2680 tuam,
396 2615 426 2667 et
449 2606 547 2664 omnis
572 2609 625 2684 qui
648 2602 754 2665 exierit
777 2603 888 2662 ostium
910 2601 1019 2663 domus
1048 2615 1123 2667 tuae
1155 2607 1255 2684 foras,
1278 2629 1346 2669 reus

229 2688 238 2703 '
279 2687 338 2747 sibi
356 2690 420 2747 erit.
464 2689 535 2763 Quo
559 2699 745 2747 sacramento
770 2684 958 2763 declaratur,
982 2708 1015 2747 m
1033 2710 1128 2750 unam
1149 2691 1274 2752 domum
1298 2714 1348 2752 so-

276 2769 353 2847 lam,
383 2763 417 2830 id
435 2783 496 2847 est,
519 2773 552 2829 in
578 2769 762 2847 Ecclesiam,
785 2772 940 2846 victuros,
963 2783 994 2832 et
1020 2771 1060 2831 ah
1090 2776 1221 2836 interitu
1248 2776 1347 2837 mundi

277 2875 432 2931 evasuros,
455 2853 557 2938 colligi
575 2865 728 2936 oportere.
747 2862 751 2867 ’
772 2854 920 2936 Quisquis
936 2866 1036 2916 autem
1055 2857 1096 2918 de
1111 2859 1252 2922 collectis
1271 2861 1346 2923 foras

276 2941 390 3017 exierit,
406 2939 447 2998 id
475 2950 529 3015 est,
551 2941 576 2998 si
596 2939 665 3018 quis
688 2940 822 3019 quamvis
837 2941 867 2998 in
887 2939 1021 3000 Ecclesia
1049 2946 1186 3023 gratiam
1205 2966 1344 3007 consecu-

204 3067 206 3072 ,
275 3035 325 3085 tus
344 3025 520 3097 recesserit,
545 3034 576 3082 et
599 3021 638 3081 ab
665 3022 803 3082 Ecclesia
831 3025 955 3097 exierit,
986 3044 1075 3085 reum
1112 3027 1180 3088 sibi
1204 3029 1341 3106 futurum,
1376 3097 1377 3100 Ἴ

273 3108 308 3166 id
336 3121 381 3168 est
400 3110 500 3189 ipsum
527 3106 585 3166 sibi
610 3105 697 3189 quod
721 3117 835 3189 pereat,
857 3109 1089 3190 imputaturum.
1139 3114 1240 3190 Quod
1265 3115 1341 3198 Apo-

273 3190 375 3251 stolu's'
392 3191 506 3251 Paulus
528 3188 681 3272 explanat,
715 3190 827 3249 docens
839 3234 849 3267 ,
881 3205 911 3251 et
931 3195 1125 3274 praecipiens
1149 3197 1341 3276 haereticum,

272 3275 429 3335 vitandum
453 3296 525 3348 esse,
547 3286 583 3334 ut
601 3294 776 3357 perversum
802 3288 830 3334 et
852 3289 1055 3356 peccatorem,
1079 3291 1110 3340 et
1134 3302 1154 3340 a
1168 3296 1265 3345 semet
1283 3287 1341 3366 ipso

272 3358 454 3419 damnatum.
496 3360 554 3418 Hic
575 3370 620 3417 est
635 3360 724 3435 enim,
744 3357 799 3438 q'ui
822 3378 892 3418 reus
919 3360 978 3419 sibi
1003 3362 1072 3438 erit,
1094 3385 1165 3426 nou
1189 3369 1230 3429 ab
1261 3369 1339 3451 Epis-

271 3463 352 3526 copo
373 3445 505 3524 ejectus,
533 3442 587 3515 sed
610 3455 718 3525 sponte
743 3441 781 3501 de
807 3441 945 3503 Ecclesia
967 3445 1145 3529 profugus,
1177 3465 1211 3513 et
1241 3451 1336 3513 haere·

269 3528 329 3587 tica
349 3528 595 3612 praesumptione
615 3547 631 3586 a
651 3536 743 3587 semet
763 3527 829 3607 ipso
855 3526 1019 3589 damnatus.
1065 3531 1110 3590 Et
1139 3535 1267 3598 idcirco
1284 3536 1336 3595 Do·

268 3613 365 3670 minus
393 3613 547 3671 insinuans
570 3609 660 3669 nobis
691 3610 853 3686 unitatem,
888 3610 925 3671 de
955 3611 1056 3673 divina
1081 3625 1334 3683 auctoritatem·

93 3685 162 3730 ³⁰¹⁸·
178 3693 398 3755 10’ωηίεηῐειη
422 3698 509 3779 ponit
532 3705 562 3753 et
584 3693 673 3754 dicit:
704 3694 772 3776 Ego
785 3706 815 3754 et
831 3707 918 3776 pater
929 3716 1024 3755 unum
1038 3719 1176 3763 sumus:
1200 3707 1244 3766 ad
1263 3721 1328 3786 qm
1386 3729 1389 3766 t

266 3783 411 3841 unitatem
432 3780 571 3861 redigens
591 3777 758 3837 Ecclesiam
780 3799 883 3854 suam,
910 3779 1012 3841 denuo
1041 3780 1133 3846 dicit.
1183 3788 1233 3852 Et
1261 3795 1324 3849 utut
1385 3817 1389 3852 r

56 3891 62 3898 ·
91 3863 187 3908 uitem.
263 3885 344 3925 unus
364 3886 433 3948 grex
459 3875 488 3923 et
504 3883 583 3921 unus
605 3873 718 3943 pastor.
760 3862 791 3921 Si
818 3875 917 3922 autem
936 3886 1010 3948 grex
1037 3887 1123 3928 unus
1162 3885 1237 3952 est,
1268 3890 1327 3955 qut·
1385 3902 1389 3936 r

264 3949 357 4009 modo
389 3959 490 4032 potest
520 3947 604 4032 gregi
628 3949 839 4023 annumerari,
865 3950 918 4030 qui
938 3951 970 4007 iu
990 3970 1123 4032 numero
1154 3960 1263 4042 gregis
1281 3974 1329 4016 non
1383 3984 1389 4023 r

265 4025 332 4088 esti
354 4030 539 4114 arit‘pastor
560 4028 668 4090 haberi
697 4032 854 4114 quomodo
873 4044 986 4113 potest,
1009 4035 1063 4114 qui
1084 4037 1251 4110 (manente
1269 4058 1329 4100 tero
1379 4067 1389 4129 p

37 4135 40 4145 ·
86 4147 209 4191 offinffi,
263 4122 395 4194 pastore,
422 4128 453 4175 et
479 4117 510 4173 in
533 4112 671 4175 Ecclesia
691 4114 764 4174 DEl
784 4115 976 4175 ordinatione
1000 4119 1195 4190 succidanea
1227 4124 1339 4209 praesi·'
1378 4155 1389 4195 ς

86 4196 232 4242 nesano·
263 4197 370 4281 dente)
389 4200 500 4260 nemini
522 4199 698 4277 succedens,
718 4210 785 4262 eta
809 4219 842 4260 se
853 4199 922 4282 ipso
937 4201 1097 4287 incipieus,
1111 4207 1242 4272 alienus
1262 4207 1330 4274 fite
1378 4237 1389 4301 p

111 2076 181 2144 Exod.
191 2085 224 2123 tt.
242 2082 274 2121 ts.
