2790 4792
457 311 536 379 011
554 311 708 385 D-I„‘,N·,=1
726 316 759 383 S.
836 356 840 361 -
1065 326 1145 401 419

74 525 146 568 mm
164 516 292 571 snortun
312 498 428 564 debitas
447 513 581 581 poenast
603 494 693 569 dabis
713 509 814 561 autem
832 512 863 564 ct
877 515 913 567 tn
933 517 1069 570 tuorum·
1082 507 1145 567 cri.

72 593 191 652 minum
209 607 331 671 poenas.
365 585 573 645 ¹Revereamur
592 582 675 653 diem
696 581 794 659 iliam,
825 606 891 666 -qua
912 590 1073 653 illuminati
1103 590 1144 659 ab

71 670 139 736 illis'
155 694 268 735 sumus.
299 669 428 731 ,Patrem
449 670 505 751 qui
523 666 719 743 babet„.,etsi
750 667 833 729 mille
863 676 998 751 patiatur
1022 678 1247 737 iucem-neers,
1262 696 1294 735 η.

71 758 177 835 moda,
198 746 410 838 omniapettn's
431 753 773 841 reverentia-,neoteget
816 751 889 813 Noli
912 760 1007 834 enim,
1023 762 1142 842 -inquit,

77 842 205 927 gloriari
227 840 440 922 in-iguominia
458 837 560 919 patris
576 836 653 905 ¹tuis
669 856 772 917 neque
795 837 874 895 enim
897 838 956 900 tibi
982 838 1056 903 tam'
1075 845 1143 926 gio·
1183 852 1186 861 “
1226 876 1230 882 -
1257 854 1264 866 “

75 928 124 987 ria
142 947 230 1008 quam
248 922 402 1008 probrum
423 932 476 983 est.
519 919 562 997 Et
580 921 743 980 sisensum
754 921 897 995 amiserit,
909 926 1025 985 veniam
1044 925 1144 991 habet

72 1009 167 1094 longe
197 1009 279 1077 baec·
296 1010 392 1090 magis
422 1006 453 1085 in
477 1004 741 1086 patrespiritnali
770 1005 901 1066 dicenda
928 1020 1006 1069 sunt.
1047 1010 1146 1072 Reve-

72 1115 142 1156 rere
160 1092 253 1171 ilium,
271 1093 357 1174 quod
380 1086 439 1151 tibi
459 1085 713 1171 diebus,·singnlis
734 1089 837 1151 divina
856 1092 1023 1169 ministrat,
1044 1096 1146 1177 scrip

69 1191 156 1240 tnras
178 1178 270 1261 relegi
292 1176 377 1249 facit,
398 1172 445 1233 tui
466 1173 573 1254 gratis,
589 1185 716 1241 erornat
735 1173 872 1251 domum,
896 1189 1027 1259 propter
1050 1189 1081 1238 te
1100 1180 1148 1237 vi-

70 1263 162 1347 gilat,
179 1274 312 1346 propter
344 1270 377 1327 te
406 1267 494 1316 rota·
508 1259 673 1340 persolvit,
700 1278 758 1340 pro
782 1272 814 1320 te
842 1260 943 1319 Deum
966 1274 1147 1344 precaturus

69 1347 182 1424 adstat,
203 1349 250 1407 tui
273 1360 490 1424 causapreces
510 1341 660 1419 exsolvit,
677 1363 737 1426 pro
769 1355 800 1404 te
825 1344 908 1426 apud
930 1346 1017 1405 illum
1036 1346 1146 1429 religio

71 1432 237 1511 cultusque
259 1439 290 1487 et
324 1424 588 1506 obsequium-est,
607 1447 671 1508 ,pro
699 1438 729 1487 te
757 1429 816 1488 ista
840 1433 951 1490 emnia.
994 1432 1146 1492 Reverere

68 1514 149 1578 baec
170 1533 256 1596 ergo,
283 1522 376 1590 atque
390 1511 560 1587 considera,
581 1511 697 1581 accede,
713 1509 753 1573 ad
773 1533 808 1573 ea
830 1533 946 1575 summa
965 1537 1034 1575 cnm
1058 1536 1145 1575 rere-

70 1599 183 1661 tentia.
227 1593 268 1653 At
291 1592 388 1655 mains
413 1592 464 1653 ille
495 1605 558 1670 est,
584 1605 614 1655 et
637 1594 700 1657 hoc
729 1595 770 1656 ad
789 1598 943 1677 sequid?
985 1597 1320 1688 Numquidpeutrem·

70 1684 154 1743 enim
178 1683 233 1760 qui
263 1679 359 1739 malus
389 1689 527 1754 nonest,
550 1678 805 1763 ipsettbimagna
828 1684 887 1743 ista
909 1661 1273 1752 etdivinalar-o‘iieiaiiii

69 1765 181 1850 gitur?
224 1761 326 1823 Absit.
366 1759 459 1823 Fides
481 1782 560 1823 enim
580 1763 700 1833 tuead
718 1767 818 1825 omnia
841 1764 932 1842 valet,
958 1787 1059 1847 neque
1085 1765 1144 1826 tibi
1154 1767 1224 1813 rou.

77 1853 179 1908 'ustus
201 1847 351 1930 quispiam
374 1845 605 1929 proderit,.nisi
624 1849 690 1930 ipse
709 1845 807 1909 fidelis
828 1850 889 1911 eise
906 1888 909 1893 -
927 1870 1029 1931 neque
1050 1870 1145 1910 noce-

69 1872 126 1993 bit
150 1930 257 2005 malus,
284 1932 309 1991 si
332 1930 428 1991 fueris
455 1933 519 2014 ipse
534 1927 643 1999 fidelis.
685 1932 749 1993 Per
770 1952 876 1993 vaccas
890 1934 921 1993 in
939 1954 1011 1994 arca
1031 1954 1145 2017 opera-

68 2028 125 2077 tus
146 2028 191 2075 est
212 2017 309 2091 Dens,
327 2036 396 2075 cum
411 2014 564 2098 populum
585 2015 702 2077 salvare
722 2015 828 2077 vellet:
850 2038 924 2077 num
942 2020 1022 2077 enim
1044 2017 1321 2079 sacer-¹·R⁰⁸·⁸·⁷·⁸t·

69 2100 155 2161 dotis
171 2100 241 2175 vita,
261 2120 335 2161 num
356 2101 452 2159 virtus
476 2109 592 2159 tantum
609 2099 749 2167 condem
771 2102 943 2185 potuisset?
984 2103 1056 2163 Non
1068 2124 1145 2185 pos-

67 2195 154 2260 sunt,
173 2203 251 2263 quae
271 2183 356 2243 Deus
375 2185 441 2265 ipse
462 2181 609 2265 largitur,
626 2179 721 2245 veluti
742 2186 923 2247 sacerdotali
945 2186 1059 2245 virtute
1072 2208 1147 2267 per-

67 2266 143 2332 fici:
168 2268 269 2328 omnia
288 2268 402 2351 quippe
417 2266 544 2327 ,divinae
561 2278 634 2327 sunt
647 2269 779 2348 -gratiae
822 2269 926 2347 Hujus
941 2279 1060 2327 tantum
1079 2289 1149 2327 mu-

72 2372 139 2430 nus,
164 2353 283 2435 aperire
299 2369 356 2415 ost
377 2363 529 2413 caeterum
545 2361 657 2409 cuncta
673 2350 763 2409 Deus·
781 2363 944 2430 operatum
973 2349 1149 2424 symbolum

72 2440 130 2499 iste
153 2435 364 2498 tantummodo
390 2433 505 2517 implet.
549 2433 685 2504 Intuere,
718 2443 868 2510 quantum
888 2437 968 2491 inter
1000 2434 1149 2493 Joannem

63 2534 105 2591 ¹et
123 2521 225 2581 Jesum
245 2523 392 2593 interest,
418 2529 449 2576 et
473 2515 547 2575 audi
578 2512 730 2572 dicentem
759 2515 923 2598 ioannema
966 2515 1035 2600 Ego
1070 2537 1223 2600 opusnest,
1237 2538 1302 2592 aas

69 2603 173 2669 babeo
201 2626 219 2665 a
243 2616 272 2665 te
302 2599 470 2683 baptizari,
492 2608 537 2657 ets
579 2596 650 2657 Non
676 2616 744 2657 snm
772 2598 880 2681 dignus
904 2596 1022 2663 solvere
1052 2603 1147 2684 ipsius
1158 2593 1307 2693 ff’gsspipfgg,

69 2691 238 2770 corrigiam
259 2683 464 2746 calceamenti.
507 2678 569 2741 Sed
589 2688 771 2743 tamencum
788 2694 906 2745 tantum
923 2687 1060 2758 interest,
1078 2686 1189 2747 des-2⁷·
1202 2700 1235 2736 ⁵³·

69 2773 178 2837 cendit
193 2771 334 2852 spiritus,
353 2787 443 2848 quem
459 2784 523 2826 non
542 2760 679 2827 babebat
707 2764 848 2830 Joannes.
876 2770 938 2831 -De
959 2769 1148 2853 plenitudine
1158 2781 1226 2823 Jon-
1244 2791 1264 2829 ι,
1275 2787 1307 2824 ¹⁶·

70 2860 165 2928 enim,
181 2855 291 2933 inquit,
314 2853 410 2934 ipsius
423 2871 478 2911 nos
492 2872 596 2912 omnes
614 2852 795 2935 accepimus.
837 2850 931 2916 Prius
943 2867 1043 2915 umen
1059 2878 1150 2937 quam

71 2942 300 3021 baptizaretur,
322 2956 384 2997 non
405 2935 456 2996 iile
490 2936 661 3012 descendit,
675 2958 780 3019 neque
811 2938 944 3002 ioannes
973 2939 1058 2999 illum
1079 2940 1152 3000 des-

75 3020 310 3086 conderetectt.
354 3020 416 3081 Cur
428 3040 501 3104 ergo
514 3014 672 3087 istudfit?
715 3024 758 3083 Ut
769 3023 845 3082 scias
868 3022 1054 3084 sacerdotem
1069 3044 1152 3099 sym-

73 3105 189 3170 bolum
208 3104 332 3189 implere
351 3106 573 3169 tantummodo.
615 3107 713 3173 Nemo
735 3105 830 3167 homo
848 3117 966 3167 tantum
996 3107 1089 3168 distat
1104 3106 1150 3173 ab

61 3191 212 3266 bomine,
234 3201 379 3271 quantum
402 3211 420 3251 a
450 3186 573 3253 Christe
587 3191 733 3255 -Joannes
775 3190 943 3250 Descendit
962 3203 1072 3251 tamen.
1088 3193 1152 3273 spi-

74 3278 168 3350 ritus,
190 3286 224 3334 ut
247 3273 344 3335 diseas
371 3276 471 3335 Deum
493 3279 594 3339 omnia
615 3272 758 3357 operari,
783 3275 884 3334 Deum
910 3277 1011 3335 omnia
1040 3277 1153 3338 facere.

27 3350 36 3361 “
72 3359 161 3425 Volo
175 3357 321 3440 quiddam
333 3358 468 3440 adjicere
485 3359 574 3443 piane
594 3358 745 3435 mirabile,
765 3369 796 3441 et
811 3358 905 3419 nolite
922 3360 1036 3435 mirari,
1051 3379 1153 3439 neque

73 3443 257 3508 turbemini.
302 3444 386 3521 Quid
410 3465 481 3504 vero
511 3443 596 3505 istud
615 3443 680 3507 est?
724 3442 816 3504 Sacra
841 3445 907 3526 ipsa
926 3442 1061 3518 oblatio,
1090 3445 1154 3503 sive

74 3527 308 3604 illem-Petrus,
328 3528 390 3589 sive
415 3528 497 3587 iilam
512 3527 647 3604 Paulus,
670 3526 732 3605 ¹sive
762 3527 897 3606 cujusvis
925 3528 1023 3586 meriti
1048 3545 1154 3587 sacer·

76 3614 138 3677 dos
159 3612 277 3689 offerat,
298 3611 403 3671 eadem
424 3623 478 3687 est,
500 3632 604 3693 quam·
622 3608 708 3675 dedit
729 3609 867 3672 Christus
898 3613 963 3694 ipse
987 3610 1063 3669 disci
1086 3609 1154 3687 uiis,
1183 3668 1202 3676 ,.

77 3717 235 3781 quamque
255 3695 429 3757 sacerdotes
451 3698 543 3758 modo
570 3717 700 3778 qnoque
730 3692 910 3756 conficiunt.
952 3692 1038 3754 Nihil
1059 3632 1154 3755 iabet

74 3785 136 3847 ista
157 3802 249 3863 quam
269 3779 323 3840 illa
343 3780 454 3845 minus.
497 3780 560 3841 Cur
580 3779 634 3841 id?
677 3779 759 3855 Quia
780 3800 843 3840 non
865 3777 945 3837 hanc
963 3775 1155 3838 sanctificant

76 3864 231 3940 homines,
252 3865 306 3927 sed
327 3865 480 3942 Christus,
505 3866 558 3946 qui
581 3863 668 3927 illam¹
684 3875 753 3924 ante
773 3873 953 3923 sacraverat.
997 3860 1156 3939 Quemad-

78 3949 213 4013 modum'
227 3952 306 4010 enim
320 3947 424 4026 verba,
447 3969 526 4031 quae
548 3948 670 4009 locutus
692 3959 739 4009 est
759 3946 921 4023 Christus,
950 3944 1054 4006 eadem
1074 3956 1154 4021 sunt,

78 4055 163 4119 quae
194 4034 365 4096 sacerdotes
394 4054 479 4095 nunc
515 4052 638 4115 quoqne
659 4032 884 4114 pronunciant:
919 4031 961 4090 ita
987 4041 1017 4090 et
1038 4028 1173 4091 oblatio·

77 4119 187 4182 eadem
212 4129 267 4194 est,
289 4119 455 4200 eademque
474 4115 618 4200 baptismi
634 4118 713 4177 ratio
732 4128 791 4178 est:
820 4114 898 4175 adeo
918 4115 1020 4177 omnia
1040 4117 1072 4177 in
1095 4114 1156 4175 fide

77 4207 264 4267 consistunt.
280 4258 286 4267 .
305 4202 484 4267 Cornelium
500 4203 625 4288 spiritus
649 4212 775 4287 repente
793 4196 923 4286 replevit
934 4241 956 4278 ,.
972 4202 1045 4285 quia
1070 4202 1157 4287 prius
1170 4200 1263 4247 taut·
1274 4204 1308 4244 tt

871 4324 917 4362 ee
930 4304 952 4352 ἢ
