2790 4792
33 4234 47 4261 Ι

241 345 294 416 34
468 336 566 399 ou
607 335 1092 414 sacramenro-

70 544 120 587 ιη·
132 502 233 587 mni·
242 522 439 607 baptismum,
460 521 585 604 quando
602 522 698 591 saneti
716 518 886 581 chrismatis
908 523 1052 583 unctione
1074 523 1237 605 perficitur
1256 541 1304 590 et-

70 597 131 639 eun.
245 603 544 689 queconfirmetu1·.,
581 605 657 664 Nam
678 605 756 662 sieut
775 605 869 686 ipsius
886 601 947 663 diei
968 605 1128 667 solennitas
1155 618 1213 691 per
1241 617 1303 670 sin-

246 690 334 775 gulos
354 710 447 750 annos
465 702 511 749 est
527 685 720 762 celebranda,
743 689 785 747 ita
809 688 903 769 ipsius
921 690 1015 747 saneti
1039 686 1209 752 chrismatis
1229 716 1302 754 eon·

246 776 339 835 lectio
362 794 419 856 per
444 773 578 854 singulos
602 792 696 837 annos
718 782 763 835 est
783 771 907 855 agenda,
928 773 1020 833 etde
1041 792 1120 833 anno
1141 779 1174 835 io
1192 798 1305 840 annum

247 857 431 933 renovanda,
452 870 483 917 et
502 854 643 915 fidelibus
663 855 824 914 tradenda:
857 858 928 935 quia
947 877 1057 914 novum
1088 875 1303 922 sacramentum

248 956 293 1002 est
331 940 549 1024 persingulos
583 960 692 1012 annos,
736 951 765 996 et
790 941 851 1017 jam
886 941 969 997 dieto
1006 940 1055 999 die
1089 943 1302 1022 innovandum,

248 1038 385 1087 etvetus
420 1027 451 1083 in
481 1025 591 1083 sanetis
621 1022 765 1081 Ecelesiis
801 1022 1003 1080 cremandum.
1059 1025 1119 1084 Ista
1151 1048 1168 1086 a
1199 1034 1303 1091 sanctis

248 1107 404 1191 Apostolis
422 1120 452 1166 et
470 1105 697 1167 suecessoribus
718 1126 824 1165 eorum
840 1109 1019 1188 accepimus,
1032 1107 1184 1190 vobisque
1203 1125 1305 1174 tenen·

249 1194 288 1254 da
308 1192 491 1251 mandamus.
535 1193 606 1250 lloee
627 1201 729 1250 saneta
749 1193 882 1249 Romana
915 1191 1053 1248 Ecclesia
1072 1204 1101 1250 et
1117 1194 1303 1258 Antiocheno

72 1281 210 1343 sporrone
247 1289 425 1358 ¹atempore
450 1274 669 1357 Apostolorum
696 1275 851 1353 custodit:
885 1274 955 1333 Hoee
974 1275 1260 1352 Hier·osol5morum
1280 1293 1305 1342 et

73 1333 178 1374 ‘mm'
248 1361 491 1444 Ephesianorum
512 1346 603 1418 tedet.
647 1359 682 1416 ln
704 1356 816 1437 quibus
837 1356 979 1439 Apostoli
1008 1361 1222 1440 praesidentes,
1248 1365 1305 1424 haee

248 1446 431 1518 docuerunt,
455 1454 587 1502 etvetus
609 1441 737 1500 chrisma
762 1441 902 1514 incendi,
933 1448 1045 1500 et'n'on
1072 1445 1200 1526 amplius
1221 1468 1304 1529 quem

247 1550 311 1589 uno
335 1549 413 1588 anno
427 1529 472 1586 uti
493 1527 704 1609 permiserunt,
724 1536 817 1607 atque
836 1524 977 1608 deinceps
993 1535 1079 1585 noio
1092 1529 1167 1606 hui,
1190 1542 1222 1591 et
1247 1552 1303 1594 non

247 1616 342 1673 veteri
364 1612 505 1692 jubentes
529 1612 710 1669 docuerunt.
999 1658 1003 1671 ,
1163 1646 1168 1655 .
1196 1636 1202 1649 ·

73 1725 236 1787 untertaopn-
331 1733 360 1784 5.
405 1715 630 1775 CONCILIUM
647 1716 856 1774 Florentinum
870 1716 903 1773 in'
918 1715 1054 1775 doctrina
1077 1717 1115 1777 de
1130 1717 1306 1780 Sacramen-

73 1779 221 1818 ffi¹¹¹⁸l¹⁰n¹⁸'
247 1801 303 1860 tis:
346 1796 473 1859 Materia
492 1796 736 1859 Consu-motionis
756 1810 800 1857 est
818 1797 965 1873 Christro,
988 1801 1161 1861 confectum
1176 1824 1210 1862 er
1227 1804 1304 1881 oleo,

248 1883 334 1965 quod
357 1886 487 1943 nitorem
510 1881 659 1963 signifieat
681 1883 886 1941 conscientia:
910 1897 940 1940 et
957 1883 1101 1960 balsamo,
1124 1888 1210 1966 quod
1231 1889 1305 1948 odo-

246 1989 310 2028 rem
331 1965 481 2049 signifieat
495 1965 584 2024 bonae
605 1965 700 2041 famae,
725 1984 782 2047 per
804 1965 992 2047 Episcopum
1011 1968 1215 2057 benedictum.

328 2085 359 2140 6.
400 2069 628 2131 CYPRIANUS
659 2071 697 2131 de
733 2075 880 2129 unctione
909 2071 1094 2148 chrismatis,
1127 2091 1164 2136 ut
1199 2095 1298 2159 supra,

247 2159 415 2240 quastione
436 2155 584 2227 seeundo,
605 2155 639 2214 B.
661 2169 691 2221 2.
1030 2158 1040 2167 ”

297 2278 302 2287 ’
331 2277 360 2332 7.
401 2261 457 2321 ET
477 2259 606 2343 epistola
631 2258 811 2320 duodecima
829 2258 1029 2342 libri-primi,
1048 2262 1163 2323 ibidem
1183 2262 1220 2324 A.
1238 2279 1265 2333 1.

329 2361 358 2416 8.
400 2344 580 2406 BASILIUS
623 2345 751 2426 Magnus
786 2344 880 2403 Liber
911 2345 949 2404 de
992 2347 1096 2428 Spirit.
1134 2368 1157 2408 s.
1179 2370 1206 2407 e.
1240 2362 1305 2416 wa

244 2431 302 2494 ubi
348 2438 505 2490 enumerat
542 2428 734 2489 Traditiones
778 2448 841 2486 non
894 2431 1040 2512 scriptas:
1096 2431 1304 2492 Benedieimus

246 2537 354 2597 aquam
379 2515 568 2597 baptismatis
595 2526 625 2572 et
650 2511 749 2571 oleum
778 2512 930 2571 unctionis
960 2525 1016 2573 ete.
1047 2514 1118 2574 ride
1144 2536 1239 2599 supra
1272 2516 1309 2576 de

245 2600 405 2683 praeeeptis
429 2598 580 2670 Ecclesiae,
603 2608 701 2676 quaest·
718 2596 861 2670 secunda,
884 2595 919 2653 A.
942 2610 971 2662 2.
1028 2620 1032 2631 ·
1080 2602 1107 2639 '·
1191 2638 1194 2643 .

329 2692 359 2748 9.
401 2678 600 2738 FABIANUS
622 2679 758 2761 pontifex
777 2691 808 2738 et
828 2690 943 2754 martyr
960 2678 1089 2762 epistola·
1110 2681 1255 2743 secunda
1272 2680 1310 2742 ad

248 2761 428 2836 orientales,
449 2772 596 2842 utsupra
616 2764 647 2820 in
670 2761 729 2820 hac
754 2762 857 2821 eadem
877 2765 1051 2842 quaestione.

330 2847 363 2905 C.
386 2842 612 2903 CONClLlUM
633 2843 843 2904 Florentinum
863 2847 894 2903 iu
915 2847 1056 2907 doctrina
1077 2847 1115 2907 de
1126 2847 1304 2908 Sacramen-

178 2985 182 2991 .
246 2930 300 2990 tis:
341 2930 453 2994 Forma
467 2939 566 2986 autem
590 2938 645 3001 est,
674 2927 766 3008 Signo
787 2940 818 2987 te
841 2930 927 3007 signo
950 2933 1069 3005 erneis,
1097 2943 1128 2991 et
1157 2930 1306 3001 confirmo

247 3025 278 3076 te
301 3012 468 3075 Chrismate
489 3010 593 3070 salutis
611 3011 643 3067 in
660 3012 779 3077 nomine
797 3013 892 3092 patris
907 3024 986 3089 pete.

331 3110 358 3164 1.
400 3097 439 3154 D.
462 3090 650 3155 CLEMENS
674 3093 810 3176 pontifex
827 3106 856 3153 et
873 3109 986 3173 martyr
1007 3098 1038 3156 in
1053 3096 1183 3178 epistola
1194 3109 1304 3183 quarta

247 3178 287 3244 ad
302 3180 469 3243 lulium.et
484 3177 643 3239 lulianum.
686 3174 767 3237 Vide
787 3176 875 3255 insra,
905 3193 1009 3261 quaest.
1035 3182 1151 3260 quinta,
1173 3179 1211 3246 A.
1232 3193 1262 3250 ὅ.

237 3332 243 3339 ,
331 3277 361 3331 2.
404 3260 587 3322 URBANUS
607 3261 640 3319 ui
662 3281 769 3342 supra,
800 3274 904 3342 quaest.
928 3258 1134 3347 secunda,'C.

332 3359 363 3414 a.
404 3332 835 3421 Muecfl1mm‚utino·a
859 3359 962 3427 quast.
991 3349 1108 3426 quina,
1131 3343 1169 3404 A.
1193 3359 1222 3414 1.
1251 3356 1254 3360 ·

74 3422 238 3525 {glum}
332 3441 361 3498 4.
402 3424 592 3489 DAMASUS
614 3427 743 3510 epistola
756 3441 865 3509 quarta
883 3431 920 3490 de
937 3428 1190 3513 Chorepiscopis:
1214 3428 1308 3506 Quod

72 3529 202 3630 puppim
248 3532 321 3575 vero
343 3514 386 3579 eis
405 3506 470 3572 hon
492 3512 582 3572 liceat
603 3510 739 3573 Chrisma
762 3511 938 3594 conficere,
960 3535 1015 3573 nee
1038 3512 1209 3574 Chrismate
1235 3514 1313 3597 bap·

1 3646 23 3668 ,.
73 3638 125 3668 nn
140 3638 170 3667 u
217 3628 235 3667 t,
248 3586 406 3677 tizatoru'm
429 3595 543 3655 frontes
565 3597 682 3680 signare
707 3607 773 3673 etc,
796 3618 874 3679 quae
896 3598 995 3658 omnia
1015 3596 1085 3657 solis
1113 3595 1312 3677 pontificibus

211 3738 214 3745 ,
235 3673 362 3753 deberi,
375 3672 444 3738 'tam
464 3700 500 3738 ex
519 3678 729 3761 superioribus
751 3702 841 3762 quam
861 3702 896 3741 ex
924 3682 990 3742 aliis
1015 3691 1136 3763 patrum
1157 3683 1309 3743 constitn-

245 3763 286 3842 tis
306 3772 359 3823 aut
381 3762 473 3823 sacris
496 3762 660 3824 canonibus
683 3763 783 3825 edocti
799 3765 878 3841 estis.

328 3881 361 3935 nr
400 3866 483 3927 LEO
504 3869 546 3929 M.
568 3870 729 3951 epiet.-88·
751 3868 837 3931 adE
861 3869 912 3927 ’se.
945 3867 1113 3928 Germaniae
1134 3881 1166 3930 et
1186 3868 1305 3931 Galliaet

244 3949 309 4012 Nee
329 3949 447 4034 erigere
469 3953 511 4013 eis
525 3952 635 4019 altaria
656 3964 713 4013 ete.
738 3973 795 4012 nee
872 3953 945 4011 isma
957 3948 1115 4026 conficere,
1135 3974 1193 4013 nee
1206 3954 1309 4017 Chro-

101 4028 109 4039 ’
136 4030 140 4039 ’
195 4040 198 4045 ’
245 4046 325 4095 mate
347 4034 571 4116 baptizatorum
592 4037 707 4096 frontes
728 4037 853 4118 'signare
885 4033 966 4095 lieet.
1006 4035 1077 4095 Haee
1110 4039 1191 4097 enim
1212 4035 1308 4097 omnia

64 4106 236 4201 ffiffll'ssssll
246 4117 352 4179 illicita
372 4129 444 4177 sunt
465 4119 717 4202 chorepiscopis,
737 4131 768 4179 et
788 4116 860 4176 solis
882 4110 998 4189 deberi'
1010 4120 1131 4179 summis
1151 4118 1306 4202 pontifici·

245 4200 305 4265 bus
329 4200 508 4269 auctoritate
530 4223 678 4269 canonum
693 4201 885 4288 praecipitur,
906 4212 943 4264 ut
955 4221 1017 4287 per
1036 4200 1098 4264 hoe
1118 4214 1152 4268 et
1163 4202 1304 4267 diseretio
1342 4272 1344 4289 ἰ
