2790 4792
420 332 764 407 nitrrlsstt
1075 337 1130 407 43

60 531 108 591 eis
130 524 276 588 collatum
299 524 401 605 fuerit,
423 523 590 610 pertineres
621 540 685 582 non
708 528 807 582 autem
831 512 969 581 damnari
995 523 1128 602 possent,

62 615 92 674 si
112 623 273 697 peccatum
292 614 395 693 utique
413 631 477 670 non
494 607 653 668 haberent.

128 762 130 769 s
154 707 202 763 16.
246 693 389 755 CAPITE
411 707 460 762 12.
483 714 518 754 ea
539 689 633 750 verba
655 708 803 774 exponens
822 687 849 748 l.
867 687 939 749 Cor.
962 699 1010 756 7.;
1038 682 1130 745 Atio·

64 780 143 861 quin
167 777 221 838 filii
239 782 328 840 vestri
353 777 502 839 immundi
527 784 644 850 essent,
675 795 756 834 nunc
786 784 886 834 autem
912 773 1009 833 sancti
1039 781 1130 828 sunt:

65 863 151 922 lilud
168 875 263 923 tamen
287 866 405 946 (inquit)
430 865 494 922 sine
516 859 705 920 dubitatione
720 857 884 918 tenendum
898 869 952 934 est,
973 874 1131 937 quaecun-

68 969 130 1027 que
147 946 196 1006 illa
217 947 417 1025 sanctificatio
430 949 481 1022 sit,
499 964 563 1004 non
587 943 687 1002 valere
707 942 752 1013 ad,
770 941 956 1001 Christianos
975 937 1130 1000 iaciendos
1141 932 1238 986 ¹’101’ff‘
1270 932 1305 974 ³¹¹·

65 1042 169 1111 atque,
185 1031 225 1091 ad
255 1032 436 1093 dimittenda
463 1038 599 1111 peecata,
629 1029 686 1086 nisi
719 1023 889 1085 Christiana
915 1036 945 1084 et
972 984 1305 1084 ecelesias-{ididi'b'i‘

64 1116 123 1174 tica
135 1116 323 1177 institutione
344 1129 375 1177 et
392 1113 587 1174 sacramentis
621 1109 795 1188 efficiantur
815 1106 928 1169 fideles.
970 1107 1046 1168 Nam
1074 1082 1285 1171 necmfp‘*

63 1199 210 1282 conjuges
232 1199 382 1276 infideles,
422 1195 590 1278 quemlibet
624 1196 734 1254 sanctis
766 1204 797 1253 et
827 1195 917 1273 justis
945 1191 1130 1273 conjugibus

57 1279 217 1367 haereant,
238 1283 277 1344 ab
305 1285 471 1364 iniquitate
490 1281 684 1355 mundantur,
707 1299 784 1359 quae
806 1296 932 1359 aregno
961 1277 1018 1336 Dei
1034 1295 1131 1356 sepa·

58 1379 142 1426 ratos
161 1368 194 1426 in
213 1367 443 1427 damnationem
468 1365 567 1423 venire
589 1361 758 1445 compellite
779 1381 835 1420 nee
857 1359 976 1443 paruuli
1000 1359 1039 1419 de
1058 1360 1130 1440 qui-

56 1449 200 1511 buslibet
222 1452 337 1510 sanctis
361 1449 513 1528 justisque
533 1449 705 1530 procreati,
727 1445 883 1529 originalis
903 1445 1019 1526 peccati
1044 1453 1130 1502 reatu
1188 1466 1191 1474 ¹

57 1533 276 1607 absolvuntur,
283 1532 349 1591 misi
360 1532 392 1588 iu
403 1530 520 1591 Christo
536 1532 651 1593 fuerint
661 1531 808 1613 baptizati
821 1549 832 1600 t,
850 1549 908 1610 pro
923 1526 1035 1608 quibus
1047 1537 1130 1586 tanto
1191 1536 1198 1556 “

59 1617 235 1699 impensius
263 1615 351 1694 ioqui
369 1614 521 1692 debemus,
541 1627 654 1697 quanto
670 1637 729 1698 pro
754 1635 787 1674 se
810 1615 867 1697 ipsi
877 1614 978 1671 minus
993 1621 1130 1694 possunt.

157 1711 207 1765 17.
248 1695 489 1758 BERNARDUS
510 1699 920 1781 Se1·m.⁴66.Supen.'Cont.:
943 1696 1053 1758 Videte
1076 1694 1131 1754 de·

63 1791 231 1857 tractores,
252 1782 350 1840 videte
370 1803 464 1841 canes.
504 1784 724 1858 Inrideamus,
745 1781 1011 1865 quiabaptizemus
1028 1773 1305 1863 infan·{{⁸0⁰1}ss{¹{¹„⁰„ff

62 1864 141 1939 tes,'
161 1865 244 1945 quod
275 1885 396 1954 oramus
419 1887 478 1948 pro
504 1871 648 1944 mortuis,
680 1869 765 1951 quod
788 1881 961 1928 sanctorum
983 1866 1194 1947 suffraginem
1211 1880 1304 1924 morter

56 1945 262 2033 postulamus.
311 1949 347 2008 In
370 1952 451 2009 omni
472 1973 580 2036 genere
609 1952 769 2015 hominum
794 1954 899 2035 ¹atque
934 1954 967 2011 in
989 1963 1126 2030 utroque
1138 1923 1284 2025 wibba.

57 2053 135 2093 sexu
153 2031 295 2093 festinant
319 2033 514 2116 ‚proscribere
548 2037 703 2097 Christum
727 2040 760 2097 in
787 2036 899 2096 adultis
926 2047 967 2095 et·
982 2034 1128 2117 parvulis,

62 2117 191 2212 utrivis
213 2128 242 2176 et
266 2121 404 2182 mortuis.
446 2120 524 2181 Hinc
546 2123 670 2204 quidem
691 2122 858 2182 infantibus
884 2141 917 2180 er
950 2116 1130 2202 impossibi-

64 2197 149 2259 litate
171 2211 308 2276 naturae,
331 2203 401 2262 inde
427 2225 499 2267 vero
523 2207 636 2265 adultis
659 2228 695 2265 ex
721 2204 903 2266 difficultate
927 2203 1129 2263 continentiae

64 2284 296 2366 proscribentes.
340 2287 424 2363 Quid
439 2291 528 2365 enim,
550 2292 576 2348 si
598 2289 696 2348 infans
714 2311 773 2372 pro
792 2310 823 2347 se
837 2289 922 2370 loqui
943 2309 1004 2346 non
1018 2297 1130 2367 potest,

64 2387 127 2449 pro
140 2389 206 2448 quo
217 2391 273 2429 von
285 2373 436 2453 sauguinis
450 2372 554 2432 fratris
568 2373 615 2429 sui
632 2384 662 2431 et
674 2373 741 2431 talis
755 2372 856 2430 fratris
867 2371 975 2429 oiamat
986 2369 1024 2428 ad
1033 2371 1133 2426 Deum
1144 2372 1201 2414 oen.
1211 2377 1236 2421 4,
1254 2379 1288 2420 ro.

63 2450 222 2537 deterre?
241 2453 350 2514 Adstat
370 2468 400 2515 et
416 2455 528 2515 clamat
550 2453 746 2514 nihilominus
773 2458 868 2513 mater
886 2453 1020 2513 ecclesia.
1047 2451 1132 2528 Quid

60 2547 165 2594 tamen
178 2536 295 2596 infensi
337 2538 445 2599 Nonne
467 2552 499 2597 et
520 2541 585 2619 ipse
606 2539 726 2604 videtur¹
758 2537 815 2596 tibi
838 2537 953 2597 inhiare
980 2537 1130 2619 quodam-

60 2619 155 2679 modo
170 2614 208 2680 de
231 2620 369 2682 fontibus
391 2623 548 2681 salvatoris
570 2624 728 2682 vociferari
752 2623 790 2682 ad
808 2622 916 2697 Deum,
937 2625 1061 2704 suisque
1075 2644 1130 2682 va-

60 2702 178 2786 gitibus
206 2703 378 2778 clamitare,
412 2707 543 2766 Domine
565 2709 624 2766 vim
652 2710 767 2790 patior,
797 2708 948 2790 responde
972 2730 1028 2791 pro
1059 2706 1128 2767 me?

58 2786 195 2870 Flagitat
215 2789 359 2848 auxilium
381 2791 503 2869 gratiae,
520 2793 591 2873 quia
613 2795 672 2852 vim
694 2796 810 2876 patitur
832 2794 871 2854 ab
894 2795 1018 2877 urigine.
1055 2793 1245 2858 Cia-nume,
1259 2811 1297 2855 sn
1374 2833 1378 2848 .

56 2883 124 2932 mat
146 2872 322 2931 innocentia
341 2873 449 2946 miseri,
471 2875 579 2937 clamat
602 2880 770 2962 ignorantia
794 2879 923 2961 parvuli,
946 2879 1055 2938 clamat
1070 2878 1127 2937 ad·

56 2955 140 3052 dicti
163 2949 333 3018 infirmitas.
373 2954 419 3017 Ito
441 2980 511 3042 ergo
535 2962 665 3023 clamant
684 2962 759 3024 haec
780 2966 898 3039 omnia,
918 2965 1040 3045 sanguis
1062 2962 1127 3020 fra-

55 3051 130 3111 tris,
154 3033 231 3094 fides
252 3041 372 3116 matris,
394 3041 549 3107 destitutio
571 3049 683 3125 miseri,
707 3060 737 3106 et
755 3050 874 3106 miseria
895 3047 1042 3106 destituti.
1086 3045 1128 3103 Et
1138 3043 1298 3131 ffiffl'd*

56 3123 216 3185 clamatur
240 3120 279 3179 ad
300 3132 425 3205 patrem.
461 3127 561 3190 Porro
576 3143 664 3212 pater
688 3153 719 3192 se
731 3134 830 3214 ipsum
852 3150 964 3211 negare
991 3149 1052 3187 non
1070 3148 1173 3209 poam
1192 3105 1299 3201 euripid

55 3217 132 3282 test,
156 3213 244 3288 pater
267 3217 320 3267 est.
361 3208 541 3273 Nemomihi
563 3216 654 3290 dicat,
673 3219 746 3298 quia
766 3213 938 3273 nonhabet
959 3211 1060 3287 fidem,
1077 3198 1298 3272 eui⁶⁰m¹¹¹“¹¹¹⁰⁸“

55 3301 161 3354 mater
183 3289 320 3430 impertit
340 3312 423 3351 suam
444 3294 593 3358 involvens
616 3300 659 3359 ilii
682 3303 713 3358 in
735 3309 942 3372 sacramento,
967 3317 1129 3380 quousque

55 3376 193 3437 idoneus
238 3385 269 3433 at
291 3377 424 3458 proprio
440 3394 644 3467 ›nou-tantum
672 3404 772 3457 sensu,
804 3382 856 3441 sed
879 3403 1000 3442 assensu
1022 3382 1129 3442 ev'uiu-
1320 3430 1323 3435 .

56 3471 313 3541 camporumque
344 3462 512 3543 percipere.
532 3465 708 3548 Numquid
730 3467 822 3526 breve
846 3467 981 3550 pallium,
1004 3480 1039 3528 ut
1063 3475 1207 3536 montiglo
1221 3477 1298 3518 alienu

56 3543 164 3630 possit
187 3542 288 3604 ambus
318 3545 502 3628 cooperire?
544 3551 651 3632 Magna
665 3564 710 3610 est
728 3550 881 3612 Ecclesiae
903 3551 987 3612 fides.
1029 3527 1298 3611 Num-⁸¹¹¹⁸¹’¹⁰¹d⁰⁸⁸'

59 3627 144 3711 quid
162 3629 261 3687 minor
274 3627 335 3690 fide
357 3624 552 3691 Chananaeoe
574 3635 716 3707 mulieris„
741 3657 829 3718 quam
855 3649 972 3696 constat
995 3649 1032 3695 et·
1045 3634 1127 3696 filiae

58 3709 207 3774 sufficere
227 3715 364 3795 potuisse
383 3728 412 3775 et
442 3714 523 3774 sibi?
551 3717 620 3776 ideo
652 3720 784 3780 audivit:
828 3723 854 3782 0
880 3721 1001 3797 mulier,
1021 3720 1153 3804 magnav

57 3807 107 3858 est
142 3794 219 3856 fides
249 3809 320 3858 tua:
358 3797 411 3859 fiat
445 3799 521 3876 tibi,
559 3805 639 3861 sicut
673 3806 786 3886 petisti.
837 3806 994 3888 Numquid
1027 3806 1127 3864 minor
1137 3808 1218 3848 ¹²1⁰*-
1234 3810 1274 3855 ¹⁵¹

58 3878 123 3942 fide
148 3880 283 3978 illorum,
313 3886 365 3964 qui
392 3884 595 3966 paralyticum
625 3908 681 3968 per
701 3886 816 3972 tegulas
838 3865 1178 3966 demittentes,·ani-⁴²²'

60 3985 126 4027 mae
148 3965 193 4025 rili
211 3966 305 4025 simul
326 3980 357 4028 et
382 3971 522 4053 corporis
543 3971 706 4032 obtinuere
728 3973 873 4033 salutem?
912 3974 1284 4054 Denique-hamstude

36 4116 39 4121 ¹
64 4045 132 4148 beas
163 4051 308 4126 Quorum
330 4049 434 4112 fidem>
449 4069 485 4116 ut
508 4057 603 4136 vidit,
629 4059 671 4118 ait
699 4057 889 4140 paralytico:
918 4057 1126 4134 Confido-iili,

68 4146 259 4195 minantur
279 4135 336 4194 tibi
380 4150 480 4227 ecreto
497 4142 560 4202 sua.
604 4139 646 4202 Et
664 4141 756 4225 panio
776 4157 864 4227 post:
882 4143 985 4204 *Tolie
1017 4142 1128 4226 graba·

68 4221 241 4299 tumtunm,
264 4229 300 4281 et
416 4218 1136 4312 esc-Qu·haee;credit,··-.feeue-tme=pemua-=
