2790 4792
290 329 365 397 rm
528 319 1116 402 aasncaanauao

286 509 385 590 poris:
408 510 444 567 iis
460 518 570 582 autem,
592 506 645 586 qui
657 507 688 562 in
702 500 881 562 infidelitate
894 502 1017 587 indigne
1028 505 1224 588 participant,
1243 509 1276 568 iu
1290 529 1352 594 pu·

285 594 431 652 nitionem
462 604 492 651 et
521 591 716 671 supplicium.
769 588 1036 663 Quemadmodum
1062 601 1093 650 et
1118 589 1234 651 Christi
1261 615 1352 672 mors,

284 676 478 735 credentibus
499 674 578 733 facta
604 684 650 732 est
670 675 747 732 vita.
762 683 792 730 et
819 673 1093 755 incorruptibilitas
1115 676 1146 733 in
1171 674 1351 738 fruitionem

284 763 481 841 sempiternae
502 756 716 816 beatitudinis:
739 753 915 814 infidelibus
935 769 1035 816 autem
1057 770 1088 816 ct
1108 758 1232 818 Domini
1255 762 1349 822 inter·

284 844 461 916 foetoribus,
483 844 515 900 in
537 840 721 922 supplicium
745 850 774 898 et
797 860 926 920 poenam
949 842 1168 921 sempiternam.
1213 843 1285 905 Non
1307 857 1348 906 est

110 926 160 968 ΝΜ
169 929 222 964 ⁸¹¹⁰*
231 937 271 964 ¹¹¹¹·
282 926 383 1010 figura
403 929 490 1010 panis
513 938 544 985 ct
563 928 678 1001 vinum,
700 924 842 1005 eorporis
863 935 894 982 ct
916 926 1069 1007 sanguinis
1094 925 1271 987 CHRISTI:
1296 930 1349 990 ab·

111 975 304 1028 anagninam„
385 1014 390 1025 ,
684 1010 689 1020 ,
1023 1011 1062 1023 ,,
1117 1013 1123 1024 ,
1286 1015 1292 1028 ¹

109 1025 173 1073 noris
187 1030 271 1082 usau-
283 1023 321 1071 sit
346 1034 423 1070 enim
442 1011 517 1069 boc:
540 1008 592 1068 sed
616 1020 661 1066 est
682 1028 783 1090 ipsum
805 1027 920 1088 eorpus
938 1008 1064 1068 Domini
1077 1007 1263 1089 deificatum,
1285 1035 1347 1092 ipso

86 1100 88 1111 .
110 1073 185 1122 gerlanis
209 1072 271 1113 Clari·

102 1121 148 1162 sn.
167 1120 207 1159 sea
222 1134 271 1159 ω».
283 1097 416 1157 Domino
432 1095 568 1154 dicente:
611 1092 678 1153 lloc
700 1108 746 1151 cst
766 1111 866 1150 meum
889 1094 968 1171 (nou
987 1091 1087 1174 figura
1109 1098 1262 1177 corporis,
1284 1097 1346 1175 sed)

108 1175 199 1269 ffif‘
221 1171 412 1262 ³³¹¹'c‘orpuss
437 1191 466 1238 et
492 1198 555 1236 nou
580 1173 680 1259 figura
701 1177 863 1258 sanguinis,
886 1174 1083 1259 sedsanguis,
1125 1178 1166 1237 Et
1188 1192 1260 1240 ante
1280 1179 1345 1258 hoe,

284 1267 357 1345 ipsis
378 1264 503 1323 ludaeis:
528 1264 680 1340 qnoniam,
700 1263 756 1318 nisi
781 1257 1035 1337 manducaveritis
1061 1280 1181 1322 caruem
1213 1261 1273 1323 filii
1294 1263 1346 1324 ho-

283 1350 381 1420 minis,
402 1359 430 1406 et
444 1346 582 1405 biberitis
596 1347 662 1425 ejus
686 1343 871 1425 sanguinem,
896 1365 957 1403 non
974 1336 1240 1406 habebitis'vitam
1254 1360 1343 1409 aeter-

108 1434 247 1480 J⁰³¹¹·⁵2⁵⁵·
282 1455 360 1496 uam.
404 1433 483 1490 Caro
510 1451 574 1488 mea
595 1449 685 1487 verus
706 1440 750 1487 est
771 1426 868 1503 cibus,
890 1440 920 1488 et
944 1431 1065 1510 sanguis
1092 1451 1175 1489 meus
1195 1453 1287 1492 verus
1303 1445 1342 1493 est

108 1531 229 1591 Quom0d9
244 1531 386 1600 adpotus.
430 1516 471 1573 Et
493 1535 614 1572 rursus:
638 1514 700 1587 Qui
721 1511 886 1580 manducat
898 1533 956 1588 me,
971 1515 1060 1572 vivet.
1102 1513 1242 1575 Proinde
1264 1518 1338 1577 omni

108 1595 260 1669 ζ’,ἱῖᾟᾟὲζὲξη
284 1623 353 1660 cum
374 1602 483 1659 timore
503 1609 533 1657 et
552 1599 736 1658 couscientia
757 1615 846 1677 pura,
868 1607 899 1654 et
921 1596 1114 1656 indubitabili
1142 1595 1206 1658 fide
1224 1601 1343 1660 acceda-

87 1691 94 1697 ”
110 1679 358 1759 ‘¹⁰⁰⁰‘¹⁰¹¹‘¹¹¹¹¹¹·mns,
380 1695 410 1742 et
427 1683 549 1741 omnino
570 1679 623 1739 liet
644 1680 744 1755 uobis,
757 1680 1010 1759 quemadmodum
1032 1681 1185 1741 eredimus
1207 1704 1272 1744 non
1290 1685 1343 1744 du·

95 2983 181 3031 menti.

92 3926 95 3951 l

58 3972 89 4029 μ’
141 3988 144 3995 .

281 1769 423 1839 bitautcs,
447 1778 477 1824 et
496 1785 676 1823 ueneremur
695 1767 796 1844 ipsum
817 1767 899 1822 omni
920 1767 1056 1846 puritate
1073 1768 1163 1829 animi
1187 1779 1218 1827 et
1240 1789 1344 1852 eorpo-

239 1900 245 1912 .
281 1853 331 1910 ris.
358 1849 545 1909 Accedamus
565 1849 592 1906 ei
609 1847 761 1905 desiderio
782 1847 911 1916 ardenti,
929 1869 1035 1909 manus
1054 1851 1085 1908 in
1107 1850 1209 1910 crucis
1227 1853 1345 1913 modum

285 1936 460 2006 formantes,
483 1929 618 1990 crucifixi
641 1951 755 2011 corpus
773 1933 982 2012 suscipiamus,
1016 1944 1046 1991 ct
1067 1947 1260 2015 apponentes
1277 1959 1343 1997 oeu-

285 2018 332 2078 los
354 2031 384 2075 et
404 2016 483 2074 labia
507 2027 535 2074 et
556 2016 707 2088 l'rontem,
730 2014 864 2072 divinum
885 2015 1051 2077 carbonem
1078 2020 1294 2100 concipiamus,
1312 2031 1344 2080 ut

106 2085 216 2139 mm·
286 2103 362 2184 ignis
385 2102 415 2157 in
438 2098 527 2158 uobis
555 2097 695 2157 desiderii
718 2117 869 2156 assumens
893 2120 928 2157 eo
949 2121 984 2158 ex
1005 2100 1140 2160 carbone
1163 2098 1342 2186 ignitione'm,

238 2217 242 2223 ·
283 2186 445 2246 comburat
465 2195 588 2264 peccata
613 2194 726 2256 nostra,
750 2193 779 2238 et
801 2181 947 2242 illiuniuet
969 2186 1062 2245 corda
1084 2199 1199 2262 nostra,
1223 2199 1257 2249 et
1277 2207 1340 2272 par·

281 2271 462 2352 tieipatioue
485 2268 578 2326 divini
601 2267 677 2349 ignis
699 2267 864 2346 igniantur,
886 2279 917 2326 et
948 2266 1134 2328 deificemur.
1180 2271 1343 2333 barbonem

280 2356 358 2415 vidit
380 2354 499 2412 Esaias:
523 2351 616 2411 carbo
640 2348 885 2431 autem-simplex
906 2372 966 2409 non
989 2365 1051 2428 est,
1074 2353 1126 2412 sed
1148 2356 1257 2417 unitus
1280 2359 1342 2442 igm·

280 2441 331 2498 Sic
351 2441 437 2521 panis
460 2437 697 2511 communionis,
728 2456 791 2494 non
812 2436 898 2517 pams
928 2436 1054 2518 simplex
1076 2448 1137 2511 est,
1171 2440 1227 2499 sed
1248 2443 1342 2500 unitus

280 2523 442 2582 divinitati.
485 2523 526 2583 Et
546 2541 659 2601 corpus
689 2521 808 2577 unitum
832 2518 1000 2594 divinitati,
1023 2541 1085 2580 non
1106 2542 1167 2582 uua
1189 2544 1226 2583 ae
1248 2524 1345 2585 eadem

210 2642 214 2650 ·
280 2606 326 2665 illi
348 2618 456 2664 natura
477 2618 531 2680 cst,
554 2605 683 2669 seduna
704 2604 862 2686 corporis,
884 2615 913 2663 et
935 2606 1037 2664 unitae
1059 2605 1227 2669 divinitatis
1250 2611 1344 2670 altera.
1380 2603 1385 2623 ’

281 2689 386 2764 Quare
408 2689 570 2747 amborum
592 2688 679 2746 simul
699 2710 761 2747 non
782 2709 843 2747 una
864 2701 972 2747 natura
993 2701 1046 2765 est,
1068 2688 1122 2748 scd
1135 2689 1224 2752 duac.
1269 2693 1356 2753 Panc'

103 2786 202 2828 aenens
223 2795 255 2836 n.
282 2784 312 2831 et
332 2773 404 2830 vino
427 2775 562 2853 suscepit
583 2771 784 2830 Melchisedec
816 2770 969 2831 Abrabam
987 2794 1021 2832 ex
1049 2772 1142 2833 caede
1163 2775 1343 2861 alienigena-

102 2846 269 2938 ligurionum.
283 2877 350 2913 rum
364 2867 571 2931 revertentem,
595 2857 727 2933 quierat
749 2855 891 2916 sacerdos
904 2856 963 2914 Dei
984 2857 1129 2918 altissimi.
1174 2859 1231 2921 llla
1249 2879 1343 2921 mensa
1377 2884 1379 2889 ·

101 2935 360 2998 tissi'¹¹³⁵‘¹⁰¹l·hanc
381 2941 537 3014 mysticam
555 2936 772 3020 praefiguravit
791 2959 938 2998 mensam:
963 2941 1044 3002 velut
1068 2955 1098 3004 et
1119 2944 1266 3005 sacerdos
1287 2944 1342 3020 ille,

280 3025 442 3083 CHRISTI
465 3029 528 3082 veri
553 3023 720 3082 sacerdotis
741 3020 869 3104 figuram
901 3043 975 3106 prae
999 3046 1031 3085 se
1065 3024 1185 3087 ferebat
1210 3041 1243 3089 et
1273 3030 1343 3090 ima·

278 3111 386 3192 ginem.
431 3111 479 3167 Tu
502 3129 532 3167 es
551 3108 683 3188 (inquit)
705 3107 847 3165 sacerdos
867 3108 898 3165 in
919 3121 1084 3186 aeternum,
1101 3111 1271 3173 secundum
1291 3132 1341 3173 or-

102 3185 219 3282 {25¹3}
231 3195 379 3266 lxdinem
402 3192 612 3252 Melchisedec.
655 3191 743 3248 Hunc
767 3212 891 3273 panem,
913 3212 1006 3272 panes
1030 3191 1206 3277 figurabant
1226 3215 1340 3280 propo-

101 3261 405 3342 nnaenidiisitionis,
449 3279 531 3336 Haec
566 3288 612 3335 est
643 3296 723 3355 pura
743 3275 857 3335 scilieet
880 3274 979 3337 hostia
1002 3291 1032 3338 et
1055 3280 1233 3357 incruenta,
1256 3299 1340 3363 mam

276 3363 315 3422 ab
338 3375 410 3423 ortu
431 3382 529 3442 usque
553 3360 592 3419 ad
623 3380 764 3419 occasum
787 3361 844 3442 ipsi
872 3359 973 3420 ollem-i
995 3384 1052 3444 per
1072 3362 1259 3445 prophetam
1280 3366 1339 3424 Do·
1383 3422 1385 3431 ,

274 3448 373 3506 minus
388 3446 537 3526 loquitur,
560 3465 673 3525 corpus
687 3443 830 3503 videlicet
851 3457 881 3504 et
902 3449 1021 3528 sanguis
1038 3447 1208 3525 CHRISTI,
1231 3463 1263 3508 tn
1282 3461 1338 3509 sta-
1383 3454 1385 3461 '

273 3530 466 3589 bilimcntum
488 3532 601 3588 animae
621 3541 744 3588 nostrae
763 3539 792 3588 et
807 3531 959 3611 eorporis,
982 3531 1231 3613 inconsumptum
1254 3545 1284 3594 et
1296 3534 1338 3591 in·

275 3625 475 3695 corruptum,
513 3634 577 3673 non
603 3615 634 3670 in
657 3633 806 3673 secessum
822 3615 896 3688 iens,
919 3613 1015 3693 (absit
1037 3617 1129 3687 enim)
1152 3616 1255 3677 sedin
1270 3637 1340 3677 nos·

273 3709 352 3757 tram
372 3698 571 3758 substantiam
600 3709 629 3756 ct
661 3700 940 3773 conservationem,
963 3699 1132 3775 omnimodi
1165 3699 1337 3761 nocumenti
1383 3707 1385 3716 '

273 3783 445 3863 reparatio,
469 3781 570 3840 sordis
593 3785 688 3842 onmis
710 3784 860 3865 purgatio.
904 3781 936 3839 Si
964 3783 1089 3863 quidem
1111 3803 1220 3845 aurum
1246 3784 1337 3846 offen·

232 3926 233 3930 ,
271 3866 325 3924 dat
346 3864 567 3941 adulteratum,
588 3887 643 3948 per
663 3866 839 3946 judicialem
861 3869 1142 3950 correptoriamque
1164 3869 1339 3951 ignitioncm

268 3961 391 4032 purgat,
409 3962 443 4009 ut
464 3973 525 4010 nou
547 3952 579 4008 in
601 3951 708 4010 futuro
731 3972 799 4010 cum
821 3948 934 4008 mundo
957 3951 1202 4012 condemnemur.
1248 3955 1338 4014 Curat

270 4035 349 4093 enim
366 4034 496 4095 'niorbos
529 4046 559 4092 et
593 4036 768 4094 oninimoda
808 4033 932 4108 damna,
972 4035 1227 4116 quemadmodum
1267 4037 1337 4097 dicit

182 4088 198 4122 ⁸
268 4119 454 4199 Apostolus:
497 4117 530 4175 Si
554 4138 609 4176 nos
630 4120 714 4198 ipsos
735 4114 961 4199 judica-remiis,
991 4141 1054 4181 non
1079 4123 1188 4202 utique
1216 4121 1334 4203 judica·

36 4226 39 4231 ·
96 4204 117 4245 ¹·
137 4202 191 4246 ⁰⁰¹·
208 4215 244 4256 ¹11
268 4221 389 4264 remur:
418 4220 488 4264 enm
508 4200 683 4283 judicamur
703 4215 864 4279 autem,a
895 4202 963 4263 Deo
997 4206 1199 4289 corripimur,
1220 4218 1333 4266 utnon

23 4272 26 4275 ·
97 4257 131 4296 tt,
144 4264 178 4308 sq.
