2790 4792
294 363 372 461 m
549 353 1131 423 DESACRAMENTO

294 540 387 608 docet
406 552 509 603 saneta
530 539 674 619 synodus,
696 553 728 603 et
748 554 853 626 aperte
870 563 907 603 ae
927 541 1106 626 simpliciter
1127 541 1303 626 profitetur,
1319 549 1350 608 in

209 679 223 724 d
293 627 375 690 almo
404 639 523 687 sanetae
556 625 766 695 Eucharistiae
797 627 989 686 Sacramenta
1013 637 1088 708 post
1103 631 1198 711 panis
1225 643 1258 691 et
1288 633 1347 693 vini

119 689 260 794 iiiffrisip
295 710 730 785 consecrationem,Dominum
745 722 881 770 nostrum
892 712 994 771 lesam
1003 709 1157 777 Christum
1168 734 1277 773 verum
1287 716 1349 776 De-

116 787 265 892 ffiffim
295 819 348 859 um
365 807 458 877 atque
473 793 623 854 hominem
639 816 716 871 rere,
734 795 865 870 realiter,
875 815 911 855 ae
925 794 1164 857 substantialiter
1181 797 1240 863 sub
1256 801 1350 881 speeie

296 882 421 944 illarum
439 900 542 940 rerum
559 879 750 944 sensibilium
776 881 929 940 contineri.
971 879 1077 959 Neque
1101 882 1181 941 enim
1208 881 1285 943 haee
1307 885 1350 942 iu·

295 979 345 1029 ter
364 985 397 1026 se
415 974 561 1046 pugnant,
583 975 619 1022 ut
640 968 704 1044 ipsc
724 962 862 1023 Salvator
884 974 987 1024 noster
1003 983 1121 1044 semper
1142 965 1183 1025 ad
1203 966 1349 1028 dexteram

201 1119 207 1130 ,
296 1051 391 1136 patris
413 1045 553 1108 incaelis
580 1046 723 1122 assideat,
747 1048 832 1128 juxta
852 1048 977 1111 modum
1006 1048 1152 1119 existendi
1176 1051 1347 1127 naturalem,

117 1121 332 1213 il⁰lillilll'et
363 1144 399 1194 ut
426 1132 528 1192 multis
557 1129 753 1191 nihilominus
795 1131 859 1192 aliis
904 1133 937 1191 in
974 1129 1050 1190 locis
1093 1131 1347 1194 sacramentaliter

120 1219 197 1262 Μὴ·
213 1213 441 1304 altari'praesens
471 1235 525 1276 sua
556 1214 722 1276 substantia
754 1214 843 1274 nobis
869 1215 968 1293 adsit,
989 1236 1024 1275 ea
1048 1217 1194 1277 existendi
1226 1221 1345 1294 ratione,

301 1323 394 1386 quam
415 1302 470 1362 etsi
491 1297 593 1359 verbis
619 1302 782 1382 exprimere
812 1300 862 1357 nix
885 1320 1069 1382 possumus,
1101 1301 1283 1383 possibilem
1304 1315 1345 1362 ta-

292 1408 361 1450 men
376 1406 439 1447 esse
457 1387 523 1445 Dec
546 1385 731 1466 cogitatione
761 1404 816 1464 per
834 1378 926 1443 fidem
945 1378 1098 1443 illustrata
1130 1389 1253 1466 assequi
1279 1406 1343 1468 pos-

294 1492 409 1548 sumus,
429 1481 459 1530 et
476 1469 717 1528 constantissime
738 1468 861 1527 eredere
883 1467 1035 1527 debemus.
1078 1469 1124 1528 Ita
1147 1471 1225 1528 enim
1248 1472 1342 1550 Majo-

294 1556 453 1617 resnostri
473 1574 595 1628 omnes,
607 1563 762 1634 quotquot
787 1553 819 1610 in
837 1573 909 1611 vcra
926 1552 1042 1610 Christi
1059 1551 1194 1613 Ecclesia
1218 1555 1342 1627 fuerunt,

121 1656 247 1703 natiuis.
260 1641 352 1722 aequi
370 1639 407 1699 dc
423 1639 610 1697 sanctissimo
627 1637 687 1697 hoe
701 1638 895 1697 Sacramenta
918 1635 1131 1710 disseruerunt,
1161 1639 1340 1720 apertissime
1382 1690 1385 1701 ,

118 1715 227 1803 ᾗξὸῇη,
249 1763 283 1796 η,
295 1721 426 1807 professi
447 1732 538 1796 sunt,
565 1719 627 1780 hoc
654 1734 715 1781 tam
739 1719 915 1780 admirabile
937 1719 1161 1780 Sacramentum
1189 1722 1221 1780 in
1250 1722 1342 1780 ultima

119 1816 151 1897 3³·
191 1860 216 1900 22
252 1860 275 1896 m
296 1826 391 1867 coena
407 1803 630 1900 redemptorem
647 1819 789 1864 nostrum
803 1804 974 1879 instituisse,
996 1825 1064 1862 cum
1083 1817 1154 1886 post
1168 1807 1256 1887 panis
1274 1807 1342 1864 vini·

121 1869 184 1949 ‚iim
222 1878 230 1900 ’
275 1877 356 1973 'quc
376 1888 616 1959 benedictionem
637 1909 668 1948 sc
691 1909 778 1946 suum
799 1889 893 1969 ipsius
915 1907 1029 1970 corpus
1051 1888 1108 1946 rllis
1131 1888 1296 1970 praebere,
1314 1907 1342 1947 ac

119 1953 283 2055 iffiffiiil'
296 1994 383 2035 snum
403 1968 599 2048 sanauinem,
621 1973 741 2031 disertis
769 1991 804 2030 ac
826 1972 993 2052 perspicuis
1015 1971 1115 2030 verbis
1148 1984 1278 2032 testatus
1297 1983 1341 2033 est.

118 2053 284 2152 griffini,
297 2058 384 2134 Quae
406 2017 502 2116 verba
531 2057 679 2116 asanctis
711 2055 909 2136 Evangelistis
939 2067 1187 2128 commemorata,
1212 2068 1244 2116 et
1266 2077 1283 2116 a
1306 2056 1337 2115 D.

60 2200 62 2205 ,
117 2148 205 2191 Μ’·
291 2140 393 2204 ‘Paulo
415 2152 520 2223 postea
539 2143 687 2222 repetita,
712 2159 779 2198 cum
799 2139 957 2221 propriam
978 2138 1059 2198 illam
1081 2151 1112 2198 et
1133 2142 1339 2222 apertissimam

294 2223 541 2310 significationem
561 2245 636 2307 prae
658 2245 700 2283 se.
723 2223 842 2299 ferant,
865 2223 1030 2283 secundum
1053 2244 1144 2304 quam
1165 2245 1183 2283 a
1202 2223 1338 2285 Patribus

292 2308 445 2371 intellecta
466 2310 546 2384 sunt,
568 2307 808 2391 indignissimum
836 2327 907 2365 sane
927 2306 1072 2390 flagitium
1095 2319 1161 2382 est,
1185 2328 1221 2367 ea
1246 2310 1341 2389 aqui·

291 2394 420 2463 busdam
442 2394 637 2453 contentiosis
654 2403 684 2451 et
703 2393 803 2474 pravis
825 2389 997 2450 hominibus
1020 2392 1059 2451 ad
1079 2389 1203 2450 fictitios
1226 2404 1256 2452 et
1275 2392 1342 2455 ima·

117 2479 425 2561 coun·mrttj1,gina1·ios
446 2489 573 2559 tropos,
609 2475 720 2558 quibus
742 2475 971 2535 veritascarnis
1005 2487 1035 2534 et
1065 2476 1217 2557 sanguinis
1240 2474 1342 2537 Christi

116 2555 281 2647 ἷξοῇῗῇζῖἶῖξῖ
291 2573 429 2644 negatur,
443 2574 551 2621 contra
566 2562 737 2620 universum
757 2560 908 2619 Ecclesiae
925 2579 1045 2617 sensum
1065 2557 1263 2639 detorqueri:
1284 2577 1342 2640 que

115 2657 228 2738 {⁰¹35
248 2657 435 2734 1⁵'tanquam
459 2645 597 2704 columna
618 2657 648 2703 et
673 2643 892 2709 firmamentum
914 2644 1069 2718 veritatis,
1091 2640 1167 2701 haec
1187 2642 1228 2702 ab
1251 2644 1342 2727 impiis

131 2720 137 2733 ⁸
228 2717 236 2738 ’
290 2727 467 2789 hominibus
483 2730 651 2811 excogitata
670 2739 848 2803 commenta,
867 2725 950 2786 velut
971 2727 1111 2786 Satanica
1130 2725 1277 2806 detestata
1294 2738 1342 2798 est,

321 2824 377 2872 ato
399 2832 517 2892 semper
535 2823 565 2870 et
582 2833 711 2870 memore
733 2812 833 2870 animo
848 2812 1137 2893 praestantissimum
1157 2808 1222 2872 hoc
1237 2809 1342 2886 ΕΗΒ]-
1372 2821 1375 2831 ’

313 2896 355 2957 TI
375 2893 556 2954 beneficium
578 2916 752 2977 agnoscens.
806 2945 809 2950 .

370 2977 426 3047 ΕΤ
446 2980 543 3062 eapite
572 2980 680 3038 tertio:
723 2979 765 3038 Et
794 2996 912 3058 semper
935 2975 1009 3037 haec
1036 2975 1112 3037 fides
1153 2980 1185 3038 in
1212 2979 1342 3042 Ecclesia

211 3096 214 3105 ·
285 3062 345 3123 Dei
377 3063 579 3139 fnit,.statim
601 3075 669 3143 post
689 3061 947 3122 consecrationem
978 3082 1082 3120 rerum
1108 3064 1235 3123 Domini
1256 3065 1342 3125 nostri

175 3207 182 3220 ‚
287 3167 398 3230 corpus
410 3191 419 3222 ,
440 3168 606 3227 verumque
632 3149 697 3226 ejus
721 3146 894 3228 sanguinem
914 3145 972 3204 sub
994 3149 1079 3226 panis
1105 3157 1136 3204 et
1166 3149 1230 3207 vini
1248 3148 1341 3231 speeie

112 3207 349 3309 fim'llriiiluna
367 3252 436 3291 cum
453 3232 545 3314 ipsius
564 3233 662 3293 anima
678 3243 708 3290 et
727 3230 883 3289 divinitate
905 3231 1040 3305 existere,
1062 3227 1116 3288 sed
1137 3250 1254 3314 corpus
1275 3231 1340 3312 qui-

111 3304 277 3395 ξῗῆξζᾷῗξξῃῗ
289 3315 357 3375 dem
377 3316 434 3377 sub
458 3318 557 3399 specie
580 3317 676 3396 panis,
699 3327 729 3373 et
750 3315 923 3395 sanguinem
947 3314 1004 3374 sub
1030 3315 1092 3372 vini
1123 3318 1227 3396 specie
1255 3313 1340 3376 ervi

110 3402 276 3496 ffssss‘ssu'gffl·
287 3399 467 3463 verborum:
489 3400 593 3481 Ipsum
615 3412 714 3458 aretem
735 3403 849 3478 eorpus
870 3396 928 3456 sub
947 3399 1047 3479 specie
1067 3399 1146 3474 vini,
1170 3410 1201 3460 et
1222 3399 1339 3482 sangui·

208 3477 216 3499 '
244 3474 253 3493 ⁶
287 3505 356 3543 nem
377 3482 433 3542 sub
463 3485 561 3565 speeie
582 3484 678 3565 panis,
709 3484 895 3562 animamque
914 3480 972 3541 sub
995 3493 1141 3562 utraque,
1163 3483 1193 3541 vi
1218 3495 1338 3546 natura-

283 3567 321 3628 lis
346 3566 428 3627 illius
450 3568 646 3631 connexionis
669 3578 697 3626 ct
718 3567 984 3639 concomitantiae,
1008 3586 1068 3644 qua
1097 3563 1200 3647 par'tes
1228 3565 1336 3627 Christi
1368 3614 1372 3629 .

281 3647 418 3726 Domini,
441 3652 495 3731 qui
515 3651 627 3731 james
649 3654 776 3712 mortuis
797 3652 947 3725 surrexit,
969 3668 1032 3709 non
1057 3649 1187 3731 amplius
1209 3653 1337 3713 moritu*

282 3755 343 3808 rus,
366 3734 445 3813 inter
466 3754 498 3793 se
516 3735 707 3816 copulantur.
749 3735 943 3796 Divinitatem
968 3753 1062 3813 porro
1089 3745 1220 3815 propter
1245 3733 1335 3796 admi·

107 3836 180 3894 retus
193 3835 235 3875 sm
282 3816 408 3879 rabilem
429 3816 511 3878 illam
527 3821 600 3898 ‘ejus
618 3841 685 3878 cum
706 3839 836 3901 corpore
852 3829 882 3877 et
896 3818 994 3876 anima
1011 3815 1232 3898 hypostaticam
1248 3819 1336 3879 noio·

104 3885 360 3984 li{“li¹’{i:tf;nem.
402 3903 597 3985 Quapropter
618 3904 805 3963 verissimum
830 3913 875 3960 est
896 3901 1073 3961 tantundem
1101 3901 1159 3960 sub
1192 3903 1335 3963 alterutra

106 3982 156 4043 ΨΒ
171 3989 247 4036 parte.
281 3988 382 4068 speeie
402 3999 494 4068 atque
513 4000 643 4068 utraque
656 3989 815 4047 contineri.
856 3984 954 4044 Totus
967 3989 1045 4044 enim
1065 3997 1097 4044 et
1117 3984 1334 4068 integerChri·

281 4084 345 4132 stus
360 4069 417 4131 sub
442 4073 527 4153 panis
542 4075 651 4158 speeie,
677 4084 706 4131 ct
726 4069 783 4130 sub
798 4069 1015 4151 q'uavisipsius
1036 4071 1146 4156 speciei
1162 4082 1265 4151 pnite:
1285 4080 1337 4131 to*

104 4178 251 4219 uncturam
281 4167 330 4216 tus
351 4156 423 4215 item
443 4155 581 4214 subrini
602 4159 701 4236 speeie
728 4167 758 4214 ct
780 4152 838 4213 sub
863 4150 929 4232 ejus
949 4153 1089 4235 partibus
1113 4157 1224 4215 existit.
1244 4192 1259 4221 :·

20 4318 22 4325 Ι
56 4282 59 4287 -
103 4228 270 4368 {iiiiii
292 4272 313 4316 ².
364 4236 826 4339 o,‚-,1GNaTltflts,iqapi‚stola
849 4235 889 4298 ad
910 4226 1331 4314 sacramentaneus·
1383 4328 1385 4336 Ι
