2790 4792
762 162 767 190 t

441 302 763 373 onorius.
887 312 891 317 ·
992 272 1150 384 '373

78 510 140 560 tem
161 505 242 572 sunt,
264 512 283 554 a
309 452 378 553 Deo
400 487 537 555 ordinata
559 497 645 574 sunt,
682 487 788 568 ltaque
822 490 875 569 qui
903 482 1019 552 resistit
1035 480 1149 574 potas.-

76 607 146 682 tati,
166 605 226 662 Dei
246 599 428 660 ordinationi
447 597 584 656 resistit·
600 594 677 670 ¹Qui
701 605 801 653 autem
820 596 1055 681 resistunt,='-ipsi
1085 599 1146 659 sihi

79 711 303 770 damnationem
330 700 498 788 acquirunt.
548 702 591 760 Et
615 699 688 783 post
713 719 828 781 pauca:
864 700 944 764 Ideo
969 708 1145 767 neoesaitate

79 816 198 877 subditi
220 825 330 874 estote.
351 831 414 873 non
436 808 539 872 solum
560 817 690 890 propter
712 808 805 890 iram,
827 803 991 883 sedetiam
1013 824 1144 895 propter

82 923 306 986 conscientiam.

83 1070 89 1079 ι
161 1025 291 1088 Matth.
325 1022 467 1084 ΧΧΙΙΙ..
517 1020 626 1101 Sup'er·
648 1017 826 1080 cathedram
863 1021 964 1095 Moysi
998 1018 1152 1085 sederunt·
1250 1053 1253 1057 ·

79 1135 208 1226 Scrib‘ae
240 1145 285 1194 et
297 1127 487 1214 Ppharisaei.
542 1125 650 1187 Omnia
678 1146 763 1210 ergo,
787 1130 987 1233 quaecunrpie
1015 1128 1146 1190 dixerint

70 1242 180 1318 vobis,
205 1250 325 1303 servate
348 1246 377 1297 et
399 1234 509 1294 facitet
530 1234 697 1296 secuudum
713 1250 810 1359 opera
824 1241 899 1294 ver'o
920 1254 1028 1295 eorum
1047 1234 1145 1295 nolite

69 1348 183 1409 facere.
231 1368 236 1375 ·

158 1455 260 1513 Luc.
279 1448 336 1508 X.=
383 1446 514 1522 Quivos
528 1445 623 1522 audit,
648 1465 696 1505 me
712 1443 816 1505 audit:
839 1457 868 1504 et
883 1448 935 1526 qui
952 1467 1006 1506 vos
1015 1449 1162 1529 spernit,-

67 1580 122 1621 me
136 1560 261 1643 spernit.
300 1554 370 1630 Qui
391 1563 489 1613 autem
506 1572 554 1610 me
566 1551 694 1634 spernit,
714 1552 830 1634 spernit
841 1572 919 1628 eum,
933 1556 987 1635 qni
999 1556 1078 1613 misit
1087 1574 1144 1614 me.

161 1665 185 1723 Ι.
206 1657 399 1723 J'oan.1v.:
443 1659 504 1736 Qui
525 1658 611 1718 novit
623 1658 732 1732 Deum,
752 1659 839 1719 audit
851 1680 921 1721 nos:
945 1663 1079 1742 quinon
1101 1656 1150 1721 est*

73 1793 113 1831 ox
134 1771 222 1846 Deo,
243 1788 307 1828 non
334 1764 419 1826 audit
442 1785 510 1826 nos.
551 1765 588 1825 In
608 1756 670 1824 hoc
693 1764 904 1850 'cognoscimus
927 1768 1147 1854 spiritumve-

74 1877 188 1952 aitaris,
213 1887 244 1936 et
266 1854 413 1957 ¹spiritum
436 1871 560 1934 erroris.
1137 1960 1140 1965 Ι

160 1980 303 2062 Ephes.
331 1982 374 2039 Ι.)
417 1979 573 2039 suscitans
600 1977 878 2055 ilinmxa'mortuis,
901 1988 931 2036 et
955 1981 1143 2040 constituens
1193 2042 1198 2055 ,
1230 2050 1233 2057 ,

71 2084 116 2147 ad
140 2085 290 2145 dexteram
318 2104 401 2144 suam
414 2086 445 2143 in
466 2083 656 2160 coelestibus,
675 2103 775 2169 ¹supra
796 2106 915 2146 omnem
935 2087 1144 2168 principatum
1216 2107 1220 2114 ·

77 2204 110 2254 et
131 2202 309 2274 potestatem
330 2202 360 2250 et
376 2193 519 2249 virtutem
538 2202 568 2251 et
588 2170 845 2267 Dominationem,
868 2203 898 2251 ct
919 2211 1008 2252 omne
1033 2214 1145 2254 nomen

77 2298 163 2378 quod
200 2307 376 2358 nominatur
397 2317 460 2358 non
480 2296 580 2358 solum
612 2300 644 2356 in
663 2296 724 2357 hoc
756 2297 881 2371 seculo,
912 2295 967 2355 sed
1000 2299 1091 2357 enam
1112 2301 1146 2360 iu

76 2403 192 2465 futuro.
301 2402 304 2409 ’

47 2505 80 2567 f
155 2509 314 2571 Coloss.
334 2508 381 2568 Ι.)
424 2507 581 2591 Quoniam
603 2506 635 2591 in
663 2506 731 2586 ipso
756 2503 877 2564 condita
898 2516 976 2564 -sunt
1005 2507 1146 2570 universa
1191 2486 1195 2493 ¹

70 2619 105 2677 in
129 2616 216 2676 caelis
240 2628 270 2677 et
291 2617 323 2674 in
342 2626 444 2688 terra,
465 2609 597 2670 visibilia
609 2621 638 2669 et
652 2609 824 2689 invisibilia,
848 2613 910 2672 sive
937 2610 1052 2690 throni,
1080 2618 1143 2677 sive

70 2723 315 2797 dominationes,
357 2722 419 2781 sive
463 2719 666 2801 principatus,
697 2719 760 2779 sive
802 2695 989 2804 potestatesr
1034 2722 1145 2783 Omnia

70 2849 131 2914 per
150 2830 258 2908 ipsum,
279 2827 360 2885 etin
386 2827 453 2907 ipso
472 2835 573 2884 creatu
596 2835 675 2884 suut.

63 2940 66 2944 ’
160 2930 320 2991 Daniel.
342 2931 432 2994 VH.:
474 2931 570 2993 Millia
596 2931 722 2991 millium
742 2923 1013 3012 ministrabant'ei,
1036 2947 1067 2999 et
1088 2937 1145 2997 de-

71 3042 136 3099 cies
158 3035 266 3096 millies
287 3049 413 3098 centena
433 3038 526 3099 millia
552 3037 732 3113 assistebant
744 3042 793 3102 ei:
822 3041 975 3120 judicium
995 3042 1093 3119 sedit,
1115 3055 1145 3104 et

68 3145 145 3207 libri
167 3146 265 3226 aperti
281 3136 359 3207 snut.
401 3146 442 3206 Et
462 3145 557 3228 paulo
579 3157 665 3206 aute:
686 3146 912 3231 Adspiciebam,
928 3147 1026 3209 donec
1039 3149 1145 3211 throni

66 3251 169 3337 positi
190 3254 276 3327 sunt,
298 3260 330 3311 et
355 3255 499 3334 antiquus
522 3252 641 3313 dierum
655 3253 747 3315 sedit.
783 3232 788 3239 Ι
979 3240 981 3245 ’

75 3442 79 3447 ,
156 3377 181 3439 Ι.
215 3378 390 3440 Timoth.
419 3382 494 3441 ΙΙΙ..
537 3354 680 3461 ΙΙῐέὲίαε,
712 3367 869 3465 quomodo
896 3398 1037 3468 oporteat
1056 3400 1088 3450 te
1111 3393 1144 3450 in

68 3485 168 3546 domo
195 3484 254 3545 Dei
278 3490 461 3563 conversari,
494 3508 574 3569 quae
596 3502 641 3552 cst
662 3490 789 3553 ecclesia
813 3491 873 3552 nai
903 3494 980 3571 rivi,
1002 3472 1144 3559 columna

66 3603 103 3654 et
125 3588 348 3652 firmamentum
369 3595 511 3654 veritatis.

156 3720 264 3782 Cant
284 3725 362 3786 vt.
407 3725 493 3802 Quae
516 3737 561 3789 est
578 3727 646 3802 ista,
664 3747 744 3807 qnae
759 3670 960 3810 progreditur
978 3692 1063 3809 quasi
1085 3751 1143 3790 au-

67 3846 147 3889 rora
167 3848 363 3914 consurgens,
386 3830 518 3914 pulchra
539 3843 575 3894 ut
594 3831 679 3910 luna,
698 3833 792 3896 electa
812 3846 848 3894 nt
871 3833 927 3910 sol,
949 3825 1093 3895 terribilis
1109 3847 1145 3896 ut
1174 3920 1177 3931 k

71 3945 246 3998 momorum
269 3940 349 3999 acies
368 3937 548 3999 ordinata?

92 4118 95 4123 .
157 4064 276 4132 Hehr.
305 4065 360 4130 V..
405 4067 512 4128 Omnis
539 4066 679 4152 pontifex
706 4089 742 4128 ex
763 4067 940 4134 hominihus
961 4085 1143 4158 assumptus,

68 4191 135 4258 pro
168 4169 345 4237 hominihus
364 4175 563 4239 constituitur
586 4176 618 4235 in
649 4173 695 4249 iis,
721 4178 800 4259 quae
824 4190 895 4241 sunt
917 4179 957 4243 ad
977 4176 1087 4261 Deum,
1109 4192 1144 4242 ut
