2790 4792
215 358 299 429 ψ
457 347 536 409 nn
584 336 1043 408 succensus-o

217 537 316 619 ipsum
336 529 464 598 tradidit
483 551 542 617 pro
560 549 617 592 eu:
637 540 675 590 nt
694 527 779 591 illam
796 525 1017 610 sanctificaret,
1043 527 1202 595 mundans
1221 553 1287 597 uem

219 636 340 704 lavacro
361 654 419 704 etc.

302 747 450 833 Ephes.
470 743 541 806 Νι
583 743 738 826 Dnnantes
769 743 917 821 invicem,
957 743 1037 806 sicut
1065 755 1100 809 et
1128 744 1221 810 Dens
1252 753 1284 814 in

219 855 342 921 Christo
364 853 489 915 donauit
507 849 605 912 uobis.

302 965 329 1029 1.
351 963 368 1023 J
378 982 458 1022 can.
480 959 541 1023 IL:
562 956 605 1017 Et
625 956 690 1039 ipse
710 964 756 1016 est
775 954 955 1038 propitiatio
973 976 1032 1039 pro
1052 959 1192 1039 peccatis
1213 981 1284 1023 nos-

219 1074 293 1134 tris:
334 1088 397 1130 non
430 1086 491 1149 pro
524 1063 637 1125 nostris
668 1073 767 1123 autem
798 1072 915 1121 tuntum
927 1104 939 1139 ‚
968 1059 1022 1122 sed
1043 1063 1136 1124 etium
1156 1087 1217 1150 pro
1237 1083 1288 1131 to·

217 1181 279 1242 tius
299 1175 415 1238 mundi.

303 1285 321 1345 J
332 1301 444 1342 oeno.
464 1278 513 1340 1.:
553 1274 634 1349 Ecce¹
666 1291 761 1357 agnus
775 1273 867 1349 Dei,
891 1291 966 1334 ecce
997 1272 1051 1354 qui
1067 1267 1161 1340 tollit
1179 1260 1285 1364 liccea-

216 1405 252 1455 tu
270 1388 385 1453 mnndi.
681 1427 684 1432 Α
713 1432 716 1437 2
1130 1445 1145 1457 ,

302 1491 539 1580 Ephes.11.=
580 1489 709 1550 Eramns
737 1497 847 1547 nunna
876 1481 932 1545 filii
965 1486 1028 1545 irue
1059 1488 1145 1551 sicut
1167 1505 1199 1554 et
1218 1517 1283 1559 cae-

218 1606 293 1668 teri:
331 1601 417 1663 Deus
440 1611 549 1687 ,autem
582 1597 653 1679 (qni
674 1593 756 1655 dives
785 1593 883 1651 estin
904 1593 1129 1675 misericordia)
1155 1617 1280 1687 propter

219 1700 349 1772 nimiam*
368 1707 527 1791 caritatem
556 1724 658 1782 suum,
687 1720 748 1791 qua
770 1698 873 1760 dilexit
892 1719 970 1774 nos,
1002 1712 1032 1760 et
1059 1722 1133 1765 cnm
1156 1728 1278 1770 essemus
1381 1733 1382 1737 ¹

133 1894 139 1903 ἢ
218 1817 334 1877 mortni
354 1811 510 1895 pcccatis,
533 1804 756 1869 convivificavit
775 1827 832 1868 nos
854 1807 886 1866 in
904 1804 1046 1883 Christo,
1084 1807 1192 1892 (cujus
1214 1837 1280 1898 gra.

217 1923 263 1982 tia
295 1920 365 1978 estis
400 1914 519 1989 salvati)
556 1924 587 1973 et
618 1913 886 1990 conresuscitavit,
917 1923 948 1973 ct
971 1913 1138 1978 consedere
1158 1917 1228 1981 fecit
1247 1924 1277 1982 in

221 2022 404 2085 caelestibus
422 2022 455 2078 in
476 2016 600 2077 Christo
620 2016 713 2076 lesus

256 2144 260 2151 ’
304 2129 346 2189 11.
368 2128 456 2187 Cor.
479 2122 542 2189 V.:
581 2121 692 2182 Omnia
714 2132 820 2181 ‘entem
847 2141 882 2181 ex
900 2121 985 2201 Deo,
1020 2127 1075 2206 qui
1098 2149 1270 2201 nos-recon-

221 2234 337 2301 ciliavit
369 2233 428 2294 sibi
458 2251 516 2316 per
545 2228 715 2291 Christum:
744 2238 775 2295 et
793 2226 877 2287 dedit
896 2229 987 2290 nobis
1008 2233 1272 2300 ministesiomfre-

219 2340 464 2406 conciliationis=
497 2339 640 2421 quoniam
662 2333 785 2420 quidem
804 2335 888 2395 Deus
909 2349 975 2396 erat
995 2340 1027 2397 in
1049 2341 1174 2405 Christo
1194 2366 1285 2421 mung

218 2447 293 2508 dum
323 2447 523 2509 reconcilians
551 2445 648 2523 sibi‚f
666 2463 730 2504 non
759 2452 903 2525 reputans
923 2442 981 2501 illis
1002 2445 1119 2529 delicto·
1136 2452 1277 2534 ipsorum,

218 2565 249 2613 et
281 2553 387 2634 posuit
416 2552 449 2612 in
467 2552 572 2614 ¹nobis
600 2548 728 2611 uerbum
754 2547 1015 2623 reconciliationis.
1068 2553 1138 2617 Pro
1160 2557 1277 2620 Christo

219 2643 464 2740 ergo'legaticne
486 2659 662 2742 fungimur,
683 2640 825 2737 tunquam
846 2655 915 2716 Deo
938 2655 1117 2723 exhottante
1137 2683 1198 2748 per
1221 2689 1279 2728 nos.

220 2761 423 2852 Obsecramus
453 2783 511 2845 pro
547 2761 694 2839 Christo,
716 2761 1068 2826 -reconciliamini‚Deo.
1113 2768 1211 2850 Eum,
1231 2775 1278 2856 qui

218 2890 282 2929 non
309 2879 435 2928 noverat
465 2877 643 2951 peccatum,
672 2884 732 2949 pro
759 2865 849 2929 nobis
865 2859 1022 2950 peccatum
1046 2871 1139 2953 iecit,
1170 2891 1209 2941 ut
1227 2901 1278 2942 nos

200 3051 202 3062 Ι
217 2973 407 3035 efficeremur
428 2976 544 3056 justitia
561 2975 619 3035 Dei
637 2976 670 3034 in
688 2976 764 3058 ipso.
909 2951 914 2960 Ι
1107 3039 1110 3043 ,

301 3079 334 3140 Β.
378 3081 486 3143 Esai.
509 3082 605 3144 LVI.:
646 3080 727 3140 Haec
750 3078 826 3140 dmit
844 3077 1015 3143 Dominus:
1047 3084 1210 3153 Custodite
1228 3091 1277 3174 ju-

218 3187 351 3266 dicium,
383 3199 413 3248 et
452 3189 540 3250 facite
572 3187 734 3270 justitiam:
764 3187 839 3268 quia
864 3187 950 3269 juxta
971 3201 1016 3251 est
1034 3191 1116 3253 salus
1137 3216 1224 3277 mea,
1244 3209 1275 3260 nt

216 3297 336 3371 veniat,
358 3307 389 3355 et
407 3296 524 3376 justitia
544 3316 628 3372 mea,
650 3305 686 3354 ut
706 3293 865 3355 reveletur.

302 3400 514 3461 Ezechiel.
543 3399 685 3463 xvdcc
717 3395 750 3460 Si
782 3414 881 3461 antem
910 3400 1020 3490 impius
1044 3408 1142 3492 egerit
1165 3415 1273 3495 poeni.

217 3509 340 3567 tentiam
371 3502 410 3566 ab
442 3506 584 3568 omnibus
620 3508 753 3589 peccatis
780 3507 863 3584 suis,
894 3526 970 3589 quac
994 3525 1139 3593 operatus
1161 3531 1225 3596 est,
1248 3531 1274 3582 et

218 3614 395 3674 custodierit
416 3613 517 3674 omnia
536 3623 699 3696 praecepta
717 3634 801 3691 mea,
823 3623 854 3673 ct
875 3612 979 3675 fecerit
994 3615 1149 3715 judicium
1177 3638 1209 3686 et
1225 3629 1275 3711 ju.

215 3721 345 3779 stitiam:
366 3721 427 3780 vita
451 3719 551 3812 vivet,
573 3730 603 3778 et
622 3740 700 3800 nom
709 3725 866 3781 morietur.
912 3719 1056 3784 Omnium
1079 3717 1275 3810 iniquitatum

215 3826 303 3906 ejus,
334 3848 408 3908 quas
438 3838 590 3910 operatus·
604 3838 669 3903 cst,
704 3843 769 3887 non
789 3825 995 3888 recordabor:
1017 3832 1047 3889 in
1067 3835 1191 3915 justitia
1213 3810 1273 3918 suit,

215 3952 305 4010 quam
340 3946 484 4015 operatus
518 3943 578 4009 est,
611 3934 699 3995 vivet.
753 3932 886 3993 Ibidem:
919 3934 961 3995 Et
987 3934 1055 3998 cnm
1076 3949 1224 4009 averterit
1242 3965 1273 4008 se

213 4036 321 4118 impius
346 4038 383 4099 ab
402 4043 555 4124 impietate
575 4057 649 4131 sua,¹
671 4061 761 4122 quam
777 4051 923 4122 operatus
944 4054 1007 4122 est,
1044 4056 1074 4104 et
1092 4048 1205 4115 fcc'emt
1219 4053 1273 4138 jn·

212 4138 323 4203 dicium
347 4156 378 4206 et
395 4147 562 4228 justitiam,
592 4148 656 4232 ipse
678 4146 805 4208 enimam
824 4165 909 4208 suam
938 4148 1114 4216 vivificabis
