2782 4786
91 347 101 356 ·
168 366 171 371 -
229 336 350 441 ¹nur·
479 330 561 396 nn
608 313 1076 417 sucuau'uuro

191 538 195 544 ’
243 524 364 592 menos,
386 513 433 577 v'el
454 538 546 610 super
566 535 630 594 eos,
652 514 707 597 qui
727 512 843 576 babent
862 515 1005 598 spiritum
1025 510 1251 592 immundum,
1270 517 1325 580 1ιό-
1352 522 1355 531 “

243 620 312 661 men
330 598 484 662 DOMINI
505 600 626 676 IESU,
645 598 825 680 adjurantes
847 621 903 683 per
929 619 1008 674 eum,
1029 609 1066 658 ut
1079 599 1266 682 egrediatur
1283 605 1321 662 ab

69 700 122 753 aas.
139 720 161 758 s.
176 687 296 770 intr-eis.
339 684 446 745 Refert
462 683 625 767 Iosephus,
656 691 756 766 regem
777 683 969 744 Salomonem
991 684 1207 766 excogitasse,
1231 703 1316 747 suam-

55 759 307 854 {ffssssmlsslssh'qtoe
329 774 445 852 gentem
469 769 609 828 docuisse
630 769 740 831 modos
762 769 927 842 exorcismi,
955 767 987 826 id
1009 778 1071 841 est,
1100 767 1314 848 adjurationis,

149 836 157 857 ’
179 836 186 858 ’
246 851 360 935 quibus
380 853 524 912 immundi
546 855 673 934 spiritus
694 852 812 935 expulsi
833 851 871 912 ab
894 851 1027 926 bomine,
1051 849 1193 912 ulterius
1218 858 1320 916 reuerti

70 951 124 1010 aas,
137 967 171 1010 rs,
187 967 218 1006 is.
244 932 308 997 nob
330 944 401 997 sunt
422 939 496 997 ausi.
539 936 684 997 Testatur
705 950 737 996 et
758 935 797 996 de
819 939 861 996 eis
883 935 961 996 liber
976 935 1071 995 Actus
1082 935 1321 1017 Apostolorum,

243 1024 290 1082 ita
308 1021 434 1082 diceris:
475 1022 680 1081 Teutuierunt
702 1031 801 1080 autem
824 1020 949 1102 quidam
976 1029 1008 1078 et
1034 1019 1073 1079 de
1098 1020 1323 1084 circumeunti-

243 1104 303 1165 bus
323 1106 445 1166 Judaeis
476 1106 628 1166 exorcistis
658 1107 800 1165 invocare
820 1123 947 1165 nomeu·
967 1101 1127 1164 DOMINI
1159 1106 1280 1187 JESU,
1297 1121 1323 1170 et

244 1202 378 1265 caetera·
395 1203 431 1250 ut
451 1189 596 1249 Isidorus.

326 1274 431 1334 I'l'Elll
453 1294 519 1355 cap.
542 1285 608 1339 11.ι
640 1271 784 1333 Lectores
803 1290 819 1330 a
839 1269 978 1356 legendo,
998 1269 1187 1335 Psalmistae
1204 1296 1222 1336 a
1244 1275 1324 1361 psal·

242 1360 298 1419 mis
322 1359 465 1419 canendis
481 1359 589 1416 vocati.
633 1355 681 1416 Illi
699 1356 876 1439 praedicant
896 1356 1019 1439 populis
1038 1356 1118 1437 quid
1137 1370 1323 1441 sequanturz'

172 1442 178 1454 ’
243 1444 294 1504 isti
317 1455 443 1518 canunt,
474 1453 510 1500 ut
534 1451 665 1501 excitent
687 1440 726 1500 ad
753 1443 1002 1521 compunctiones
1025 1441 1147 1502 animos
1170 1445 1324 1506 audienti·

70 1541 190 1583 nuens.
220 1526 303 1586 um.
346 1527 387 1586 Et
410 1526 501 1609 paulo
531 1539 619 1608 post:
661 1527 823 1585 Lectorum
847 1525 926 1584 ordo
954 1526 1086 1585 formam
1108 1537 1144 1585 et
1166 1529 1325 1591 initiuma

243 1611 409 1694 Prophetis
443 1612 576 1692 sumpsit.
621 1608 705 1669 ‘Sunt
734 1630 808 1692 ergo
832 1608 970 1686 lectores,
1001 1613 1056 1689 qui
1085 1609 1220 1672 verbum
1252 1616 1324 1674 DEI

69 1684 154 1733 Μ’·
165 1691 200 1733 ‘⁵⁸’
214 1695 233 1726 ⁸·
243 1697 430 1781 praedicant,
453 1696 566 1777 quibus
588 1692 721 1754 dicitur:
762 1693 864 1753 Clama
876 1736 886 1771 ,
920 1713 1099 1770 necesses,
1126 1707 1186 1756 etc.
1208 1708 1247 1758 ut
1268 1699 1325 1760 lsi-

245 1781 349 1842 dorus.
792 1788 795 1793 ’

69 1870 174 1916 ostium
275 1898 278 1903 <
329 1865 554 1945 ET'cap.'12=
598 1859 723 1920 Ostiarii
746 1873 829 1936 sunt,
847 1861 900 1942 qui
934 1871 964 1920 et
987 1861 1111 1922 aeditui'
1135 1872 1168 1922 et
1197 1864 1323 1925 Janito-'

70 1922 234 1973 mmm
245 1968 294 2007 res
315 1968 347 2005 ru
368 1946 433 2028 lege
455 1943 648 2005 dicebantur.
690 1945 730 2003 Hx
755 1945 837 2026 apud
858 1943 1015 2005 Hebraeos
1036 1967 1067 2005 rn
1085 1945 1187 2006 Veteri
1208 1949 1320 2008 Testa-

241 2042 343 2091 mento
367 2029 453 2088 electi
477 2027 607 2087 suntad
631 2028 799 2092 custodiam
814 2028 930 2111 templi,
953 2032 1068 2110 quique
1088 2031 1230 2103 ordiuati,
1248 2051 1314 2110 per

243 2100 321 2174 vices
349 2133 416 2172 suas
444 2113 543 2171 omnia
562 2112 708 2170 interiora
726 2111 832 2193 templi
852 2112 898 2172 vel
924 2116 1062 2173 exteriora
1079 2112 1303 2189 custodiebant,

241 2210 356 2259 utnon
388 2197 600 2297 ingrederetur
622 2196 654 2254 iu
676 2193 753 2254 illud
782 2197 956 2256 immundus
985 2197 1109 2257 inomni
1127 2215 1174 2259 re.
1215 2197 1303 2256 Dieti

241 2295 342 2344 autem
366 2281 502 2357 Ostrurii,
527 2279 613 2362 quod
631 2280 767 2362 praesint
786 2282 868 2340 ostiis
892 2282 1013 2364 templi:
1032 2282 1087 2364 ipsi
1102 2281 1179 2338 enim
1198 2290 1308 2341 senen·

240 2377 286 2427 tes
308 2367 443 2442 clarem,
466 2366 566 2425 omnia
588 2366 669 2443 intus
686 2384 721 2424 ex
741 2375 872 2447 utraque
896 2379 984 2447 parte
1010 2365 1195 2440 custodiunt,
1219 2375 1311 2445 atque

239 2448 321 2512 inter
345 2451 447 2510 bonos
479 2460 509 2511 et
531 2449 627 2510 malos
650 2446 811 2509 babentes
818 2449 993 2531 judicium,
1016 2448 1121 2511 fideles
1148 2449 1311 2532 recipiunt,

242 2528 395 2618 respuunt
416 2531 564 2594 infideles.

325 2631 353 2687 1.
397 2619 625 2678 CONCILIUM
651 2613 893 2701 Aquisgraneuse
919 2621 1056 2701 primum
1079 2618 1138 2679 sub
1158 2618 1311 2679 Ludovioo

239 2702 310 2778 Pio,
334 2722 400 2785 cup.
423 2715 461 2767 2:
505 2700 630 2761 Ostiarii
652 2712 732 2773 sunt,
754 2713 784 2761 et
807 2713 936 2777 caetera,
959 2714 994 2761 ut
1009 2704 1155 2764 Isidorus
1177 2725 1241 2787 cap.
1265 2715 1310 2780 14,

240 2798 392 2868 utsupra
414 2784 471 2844 hac
493 2787 680 2867 quaestione,
703 2785 741 2843 D.
785 2783 936 2847 CAPlTE
958 2799 993 2853 5:
1035 2789 1207 2850 Lectorum
1227 2788 1310 2864 ordo,

167 2936 170 2943 ,
241 2881 272 2930 et
292 2878 420 2943 caetera,
439 2880 474 2928 ut
491 2869 629 2929 Isidorus
651 2887 722 2950 cap.
739 2881 788 2936 11.
832 2870 981 2931 CAPITE
1005 2882 1040 2938 4:
1082 2871 1122 2932 de
1144 2873 1310 2948 Exoreistis,

240 2966 281 3014 ut
294 2953 433 3029 Isidorus
462 2973 527 3036 cap.
553 2965 600 3020 13.
644 2951 793 3013 CAPlTE
819 2966 861 3020 52
902 2954 1026 3030 Acolyti
1046 2957 1178 3036 Graece,
1204 2970 1240 3019 ut
1257 2958 1309 3018 lsi-

149 3102 152 3113 ,
239 3039 334 3099 dorus
355 3041 389 3099 L'.
420 3048 438 3104 7
462 3037 951 3120 Etymologiarum,cap.12,ut
981 3058 1086 3120 supra.

307 3131 364 3189 ⁷55*
390 3121 625 3182 cONCILIUM
639 3124 808 3182 Romanum
830 3120 888 3182 sirb
902 3123 1068 3200 Sylvestro,
1090 3145 1163 3208 cap.
1188 3137 1224 3192 1:
1246 3121 1309 3200 syl·

237 3216 344 3267 vester
359 3206 534 3290 Episcopus
551 3206 647 3266 Urbis
669 3205 790 3280 Romae,
812 3228 998 3292 congregans
1021 3208 1137 3269 fratres
1162 3229 1310 3292 compres-

238 3288 418 3375 byte1·os¹'et
445 3290 653 3375 Coepiscopos
680 3289 728 3349 vel
761 3290 917 3352 Diaconos
950 3312 1020 3352 suos
1043 3295 1126 3353 cives
1151 3294 1308 3368 Romanos,
1353 3334 1355 3371 :

241 3375 361 3456 collegit
392 3377 424 3433 in
452 3377 565 3456 gremio
583 3375 680 3435 sedis
708 3393 783 3434 suae
823 3376 969 3436 ducentos
998 3379 1160 3460 octoginta
1182 3391 1309 3461 quatuor

65 3445 230 3542 {1222}be
241 3460 422 3543 Episcopus,
445 3458 559 3538 quibus
580 3458 735 3543 Augustus
762 3458 978 3520 Constantinus
1005 3459 1151 3520 vehicula
1165 3474 1197 3522 et
1223 3481 1309 3523 anuo·

65 3543 165 3631 3¹}ng
173 3546 231 3628 '¹⁰92
242 3566 294 3604 nas
315 3544 464 3626 praestari
485 3544 650 3626 praecepit,
672 3555 703 3603 et
723 3543 774 3602 alii
796 3545 1016 3628 quinquaginta
1030 3557 1145 3628 septem
1167 3545 1308 3631 Episcopi

63 3605 228 3691 tinlboildlii.
241 3629 335 3711 partis
356 3627 573 3700 Rinocoiuris,
597 3634 724 3708 quorum
747 3625 970 3712 chirographus
993 3631 1156 3695 incorum
1180 3630 1306 3692 concilio

240 3711 429 3787 declaratur,
465 3712 808 3794 centumquadraginta
839 3713 900 3773 duo
920 3711 1097 3787 Presbyteri
1129 3715 1233 3777 Urbis
1253 3716 1305 3776 Ilo·

237 3818 312 3872 mae,
326 3808 366 3856 'et
386 3796 527 3855 diacones
549 3812 611 3871 sex,
623 3794 835 3856 subdiacones
850 3818 920 3874 sex,
942 3797 1065 3872 Acol'yti
1084 3799 1155 3878 ejus
1180 3799 1301 3862 concillo

236 3882 310 3943 lacti
332 3880 533 3963 quadraginta
565 3881 711 3965 quinque,
738 3881 916 3942 Exorcistae
948 3883 1054 3966 viginti
1083 3882 1169 3960 duo,
1205 3888 1307 3947 Lectu-

112 3986 117 3998 ·
178 3954 188 3972 '
235 3986 285 4025 res
305 3966 390 4027 urbis
410 3965 524 4026 Romae
545 3966 720 4049 nonaginta,
743 3966 875 4046 quorum
888 3977 1064 4049 praesentes
1087 3980 1240 4050 parentes
1260 3987 1308 4028 au·

235 4048 367 4108 diebant.
407 4050 525 4109 Notarii
549 4050 692 4110 ecclesiae
719 4051 958 4131 quatuordecim,
981 4053 1033 4133 qui
1061 4063 1148 4134 gesta
1171 4053 1310 4114 diverso·

137 4173 140 4178 -
235 4150 303 4193 rum
330 4140 499 4209 martyrum
517 4134 727 4219 suscipientes,
749 4135 889 4194 ordinate
908 4136 1082 4195 narrabant.

60 4230 67 4241 ·
177 4248 207 4271 .-
285 4217 356 4285 '··o.‘
383 4216 627 4289 ‘caminus
649 4216 762 4284 Postea
781 4229 882 4281 autem
906 4218 981 4282 feeit
1005 4204 1123 4306 ‘gradus
1141 4220 1182 4282 iu
1206 4220 1309 4284 medio
