2790 4792
270 351 350 421 aaa
420 311 425 315 ’
511 316 1109 421 oua-acu‘suuuro

268 528 366 605 ‚ditias
386 548 463 599 vero,
487 527 710 608 proprietatem
728 528 830 609 typice
852 547 887 586 ex
908 526 974 609 lege
995 523 1154 602 discimus)
1173 535 1238 584 tam
1254 526 1344 585 terri·

270 609 335 670 bile
350 611 501 691 judicium
521 609 626 693 habet,
639 618 763 692 ‚quanto
782 612 884 693 magis,
910 613 972 692 qui,
996 630 1066 669 cum
1091 610 1122 667 in
1147 622 1279 690 peccato
1301 613 1344 684 sit,

271 690 385 779 corpus
405 695 529 755 Domini
552 696 727 776 contingere
749 694 849 770 audet,
872 695 991 777 gravius
1015 693 1074 753 sibi
1103 695 1235 752 accersit
1259 694 1344 775 judi-

269 777 371 838 cium?
413 779 593 867 Mandemus
628 780 732 859 itaque
752 800 807 838 nos
841 777 881 836 ab
902 779 983 837 omni
1006 777 1250 858 inquinamento,
1274 778 1345 853 (dif-

98 911 214 952 Midum
224 925 262 953 w·
271 863 399 935 ferentia
431 884 503 921 vero
533 864 753 943 inquinamenti
778 875 807 923 et
841 861 1068 937 immunditiae,
1091 859 1281 942 sapientibus
1303 873 1346 921 est

99 974 158 1019 rus,
168 963 207 1013 qui
217 944 446 1025 riq-manifesta)
471 958 561 1026 atque
585 949 627 1007 ita
648 946 689 1007 ad
709 940 811 1023 sancta
828 946 1028 1022 accedamus,
1056 956 1091 1003 ut
1114 943 1270 1023 judicium
1296 967 1346 1005 eo-

100 1023 263 1106 i'iffiiifffl'
277 1053 355 1111 rum,
376 1032 429 1110 qui
448 1024 616 1088 Dominum
626 1022 822 1104 occiderunt,
848 1030 1040 1112 effugiamus:
1064 1041 1229 1110 propterca
1252 1029 1344 1110 quod,

101 1109 210 1149 curritur.
276 1117 413 1199 quisquis
436 1114 534 1173 ederit
557 1136 676 1195 panem,
697 1126 726 1174 et
741 1114 857 1174 biberit
883 1113 1029 1196 poculum
1054 1112 1178 1171 Domini
1210 1113 1343 1195 indigue,

274 1220 345 1271 reus
369 1200 427 1257 erit
452 1200 593 1280 corporis
622 1219 657 1258 ac
686 1202 840 1282 sanguinis
862 1200 994 1256 Domini.
1037 1195 1229 1255 Habebimus
1247 1210 1345 1256 autem

275 1288 366 1344 vitam
380 1276 542 1359 aeternam,
572 1284 652 1353 sicut
669 1285 818 1366 promisit,
850 1284 901 1363 qui
925 1282 1042 1340 mentiri
1057 1281 1173 1360 nequit,
1195 1280 1344 1340 Dominus

256 1388 313 1435 ‚ac
333 1369 418 1427 Deus
440 1378 543 1425 noster
576 1366 662 1426 Jesus
685 1365 839 1441 Christus,
862 1368 886 1424 si
908 1365 1030 1431 edentes
1053 1385 1087 1423 ac
1119 1363 1261 1424 bibentes
1283 1386 1345 1423 me-

276 1472 377 1511 mores
401 1451 548 1509 fuerimus
572 1451 650 1535 ejus,
672 1453 724 1531 qui
740 1471 800 1533 pro
823 1448 911 1508 nobis
933 1447 979 1508 est
995 1461 1141 1522 mortuus,
1175 1460 1205 1506 et
1229 1461 1347 1507 senten·

103 1576 127 1617 2·
142 1530 349 1616 00„,‚„,'tiam
367 1530 505 1616 Apostoli
527 1530 761 1613 servaverimus,
784 1535 925 1593 dicentis:
968 1532 1099 1591 Dilectio
1129 1553 1263 1612 namque
1289 1533 1345 1590 Dei

105 1623 144 1666 15.
277 1640 332 1679 nos
357 1619 544 1703 constringit,
561 1618 733 1697 judicantes
756 1617 827 1693 hoc,
848 1617 934 1698 quod
955 1618 980 1676 si
1003 1637 1081 1675 unus
1112 1636 1171 1696 pro
1204 1615 1345 1676 omnibus

277 1698 415 1764 mortuus
437 1714 490 1776 est,
513 1723 614 1761 omnes
638 1706 741 1785 itaque
764 1714 903 1762 mortuos
932 1721 1003 1761 esse.
1046 1699 1087 1757 Et
1119 1720 1176 1779 pro
1203 1699 1346 1761 omnibus

278 1797 434 1861 mortuum
463 1805 535 1858 esse,
564 1797 609 1861 ut,
632 1788 685 1865 qui
707 1787 820 1861 vivunt,
855 1788 918 1866 jam
948 1805 1009 1844 non
1037 1782 1163 1864 amplius
1192 1782 1254 1843 sibi
1275 1786 1345 1867 ipsis

279 1870 396 1942 vivant,
427 1867 481 1926 sed
516 1870 564 1941 ei,
599 1870 652 1948 qui
674 1888 734 1949 pro
764 1869 855 1928 nobis
887 1880 932 1927 est
953 1880 1088 1927 mortuus
1111 1888 1145 1925 ac
1169 1871 1342 1946 resurrexit,

280 1951 366 2033 quod
388 1952 466 2009 etin
493 1949 672 2031 baptismate
697 1952 825 2033 professi
849 1972 951 2011 sumus
974 1973 1008 2011 ac
1031 1949 1174 2032 polliciti.

363 2047 393 2099 5.
436 2026 663 2092 CYPRIANUS
696 2035 727 2092 in
750 2056 886 2094 sermone
912 2034 1074 2117 delapsis:
1119 2035 1233 2095 Contra
1252 2055 1342 2094 eran-

280 2117 350 2202 gelii
382 2118 518 2202 vigorem
550 2129 581 2177 et
600 2118 658 2176 Dei
686 2117 781 2200 legem
815 2120 981 2178 temeritate
1015 2119 1209 2200 quorundam
1228 2118 1341 2178 laxatur

280 2204 410 2262 incautis
436 2203 680 2261 communicatio:
703 2204 787 2263 irrita
810 2215 840 2262 et
866 2202 941 2262 falsa
977 2226 1043 2285 pax,
1069 2204 1241 2284 periculosa
1260 2203 1344 2261 ¹dan-

265 2284 373 2367 tibus,
398 2299 427 2345 et
441 2286 516 2346 nihil
530 2285 748 2369 accipientibus
769 2287 945 2370 profutura.
988 2288 1058 2346 Non
1094 2299 1245 2367 quaerunt
1267 2289 1346 2353 sani,-

278 2373 357 2432 tatis.
369 2372 561 2452 patientiam,
573 2392 629 2430 nec
648 2368 749 2431 veram
761 2373 799 2431 de
818 2373 1019 2431 satisfactione
1034 2371 1222 2430 medicinam.
1266 2371 1347 2431 Poe-

211 2467 215 2474 '
280 2456 406 2517 nitentia
427 2455 464 2514 de
488 2455 664 2538 pectoribus
683 2476 804 2516 excussa
820 2468 874 2531 cst,
893 2457 1056 2538 gravissimi
1082 2457 1266 2536 extremique
1293 2454 1348 2514 de-

280 2538 345 2599 licti
365 2542 508 2599 memoria
532 2540 648 2601 sublata
672 2552 725 2600 est.
769 2541 958 2623 Operiuntur
980 2541 1171 2599 morientium
1204 2540 1346 2603 vulnera:

282 2636 313 2681 et
337 2618 426 2705 plaga
453 2623 549 2682 letalis
574 2622 644 2685 'altis
670 2637 700 2683 et
722 2624 885 2708 profundis
912 2623 1077 2683 visceribus
1110 2622 1214 2701 infixa,
1258 2624 1348 2685 dissi-

280 2704 394 2769 mulato
427 2705 536 2765 dolore
564 2709 744 2790 contegitur.
787 2709 814 2767 A
849 2707 966 2769 diaboli
988 2710 1047 2769 aris
1073 2720 1284 2785 revertentes,
1309 2705 1348 2768 ad

282 2801 416 2872 sanctum
443 2790 569 2848 Domini
601 2791 733 2855 sordidis
762 2805 791 2853 et
820 2793 938 2853 infectis
960 2792 1067 2850 nidore
1089 2792 1227 2852 manibus
1260 2813 1347 2853 acce-

283 2868 386 2957 (litut,¹
411 2870 588 2933 Mortiferos
608 2872 760 2955 idolorum
789 2875 873 2935 cibos
897 2872 997 2935 adhuc
1018 2897 1095 2958 pene
1117 2888 1282 2953 ructanteS‚
1297 2897 1349 2936 ex·

281 2948 456 3017 halantibus
479 2959 567 3015 etiam
588 2978 668 3035 nupc
691 2956 786 3018 scelus
808 2981 894 3018 suum
914 2953 1066 3036 faucibus,
1089 2971 1119 3019 et
1133 2963 1276 3044 contagia
1298 2959 1349 3020 fu·

282 3055 366 3101 nesta
384 3040 602 3115 redolentibus,
621 3041 742 3100 Domini
772 3064 885 3125 corpus
906 3045 1061 3120 invadunt,
1085 3044 1210 3124 quando
1234 3066 1349 3105 occur-

108 3158 172 3201 1,„;,
191 3164 233 3209 22,
248 3162 272 3211 ὅ,
283 3137 330 3189 rat
351 3128 502 3207 scriptura
520 3126 620 3184 divina
638 3137 671 3184 et
683 3124 790 3187 clamet
812 3139 841 3185 et
854 3122 948 3187 dicat:
993 3129 1098 3188 Omnis
1112 3129 1245 3187 mundus
1262 3149 1348 3188 mau-

283 3209 410 3283 ducabit
432 3206 564 3285 carnem,
584 3208 614 3284 et'
635 3210 731 3269 anima
752 3213 1194 3292 quaecunqucnmanducaverit
1219 3233 1254 3271 ex
1277 3233 1347 3274 car·

281 3316 320 3354 ne
338 3292 479 3359 sacrificii
499 3294 651 3370 salutaris,
683 3294 769 3374 quod
793 3308 837 3355 est
857 3296 999 3373 Domini,
1024 3308 1054 3355 et
1083 3297 1275 3355 immunditia
1297 3299 1346 3380 ip-

282 3380 344 3461 sius
373 3399 465 3458 super
492 3374 599 3459 ipsum'
622 3372 686 3457 esst,
719 3378 834 3462 peribit
867 3384 964 3440 anima
988 3380 1040 3439 illa
1068 3379 1105 3442 de
1130 3379 1251 3461 populo
1277 3401 1345 3440 suo.

280 3461 447 3545 Apostolus
470 3463 538 3519 item
558 3474 685 3521 testatur
707 3474 736 3520 et
760 3463 852 3523 dicit:
896 3465 965 3526 Nou
990 3465 1115 3547 potestis
1134 3463 1258 3522 calicem
1281 3465 1346 3524 Do-

80 3584 87 3631 .'
106 3579 126 3614 t.
136 3545 191 3613 cor.
204 3575 244 3619 to,
280 3546 354 3605 mini
367 3546 474 3604 bibere
487 3557 517 3604 et
532 3546 651 3605 calicem
668 3545 913 3607 daemoniorum:
937 3570 998 3609 non
1009 3550 1133 3631 potestis
1147 3569 1267 3608 mensae
1278 3549 1348 3609 Do·

104 3626 146 3668 21·
280 3631 354 3689 mini
374 3632 597 3695 communicare
618 3644 648 3690 et
662 3652 780 3691 mensae
801 3632 1036 3693 daemoniorum.
1078 3632 1164 3691 Idem
1185 3645 1346 3693 contuma-

282 3714 369 3774 cibus
386 3726 415 3773 et
432 3713 642 3795 pervicacibus
665 3710 864 3775 comminatur
879 3730 909 3776 et
928 3717 1100 3790 denunciat,
1115 3710 1242 3775 'dicensz
1266 3716 1347 3792 Qui·-

108 3822 191 3869 accc
211 3831 244 3871 u.
281 3820 401 3881 cunque
423 3800 520 3859 ederit
548 3792 655 3882 panem
687 3813 740 3861 aut
757 3794 885 3860 'biberit'
905 3801 1027 3861 calicem
1055 3801 1181 3858 Domini
1209 3800 1345 3883 indigne,

103 3876 205 3928 27‘29·
279 3903 349 3942 reus
380 3885 435 3942 erit
461 3876 602 3967 corporis
630 3895 659 3943 et
684 3886 836 3968 sanguinis
857 3885 998 3949 Domini..
1032 3887 1148 3966 Spretis
1172 3883 1220 3943 bis
1246 3886 1346 3943 omni-

127 4033 133 4044 ,
170 4034 176 4045 Ι
278 3966 336 4049 bus
358 3979 451 4046 atque
475 3966 736 4053 contemptis,·-vis
767 3969 897 4049 infertur
916 3968 1043 4051 ¹corpori
1075 3970 1141 4049 ejus
1167 3979 1196 4027 et
1219 3971 1347 4051 sangui·

102 4031 268 4134 ξὲξρζξξζῗΜ
280 4050 379 4133 niret
399 4044 468 4133 plus
488 4054 579 4113 modo
595 4046 818 4139 ¹iude'nipn'itrm
848 4050 986 4111 manibus
1009 4044 1177 4134 atqueg'orc
1197 4051 1345 4132 delinqu-

104 4133 210 4191 ⁸⁸⁰t¹²i¹¹i
220 4134 268 4174 ⁰⁰·
279 4145 354 4218 unt„-
365 4157 453 4217 quam
474 4155 544 4194 cum
565 4116 938 4233 Domiaitfpss‘peppvcfunt.
981 4136 1059 4201 Ante
1083 4138 1198 4218 expiata
1218 4135 1353 4210 delicta,-

101 4200 1153 4320 itittffl²⁸²·‘lttf-“0m‘3ittuieft'0ftrituueninterveram
1174 4220 1355 4308 torsere.
