2782 4786
279 324 358 397 490
528 306 1119 397 DE'S'AGRAMENTO
1190 327 1195 340 '

277 493 410 586 *eamque
436 505 477 564 ob
500 510 572 564 rem'
585 501 754 567 laudatur.'
778 503 858 564 Beue
880 503 969 579 enim,
991 502 1105 584 inquit,
1133 497 1228 558 facit.
1260 499 1353 567 Porro
1375 510 1381 587 ',

285 593 339 671 qui
362 589 459 648 eloeat
480 601 608 671 nuptum
625 591 782 672 uirginem,
806 600 835 647 et
863 590 927 669 ipse
955 588 1033 647 bene
1059 585 1164 643 facit:
1200 603 1258 661 nou
1277 591 1345 649 euim
1377 596 1381 647 l

284 685 442 756 peecatum
465 686 510 732 est
523 673 652 747 elocare·
697 671 795 732 Omne
808 684 916 746 autem,
934 672 1016 752 quod
1037 689 1104 728 non
1127 678 1179 726 est
1201 686 1335 749 peecatum,

284 758 362 817 bene
384 755 428 815 fit.
471 757 580 816 Melius
594 778 666 816 vero
688 768 742 832 est,
764 775 827 816 non
851 755 977 829 elocare,
996 757 1094 813 virtus
1126 754 1212 810 enim
1234 767 1279 813 est
1306 757 1335 818 ht

108 867 199 929 Μ
232 842 378 925 uaepaulo
401 854 485 902 ante:
525 841 570 900 Et
594 845 618 900 si
642 842 783 923 nupserit
806 842 906 921 virgo,
928 859 987 896 nou
1005 839 1167 921 peccavit.
1212 839 1340 922 Virginem

109 901 249 978 Dedcolie-
286 927 335 985 hic
347 927 422 985 dicit
445 946 507 984 non
528 946 601 1002 eam,
620 926 772 1007 quaeDeo
785 935 961 983 consecrata
972 924 1018 998 sit,
1033 924 1085 999 (ea
1101 923 1199 999 enim,
1214 925 1238 982 si
1252 930 1342 1006 nupse-
1375 960 1381 991 ·‚

107 993 222 1077 {iiiiii}
234 999 274 1074 ¹ii]
286 1013 335 1086 rit,
359 1012 496 1091 peccavit
517 1013 658 1086 omnino,
688 1021 798 1090 utpote
826 1029 904 1087 quae
924 1005 1086 1065 moechum
1111 1010 1342 1088 superinduxerit
1375 1000 1381 1037 ³

109 1092 154 1126 ⁰⁰²·
284 1114 399 1176 sponso
417 1114 473 1152 suo
490 1092 625 1169 Christo)
645 1094 698 1152 sed
711 1097 871 1176 innuptam
893 1091 965 1151 dum
978 1090 1126 1173 puellam·
1170 1091 1213 1149 Ea
1227 1094 1309 1168 enim,
1327 1097 1342 1152 s'

282 1179 431 1262 nupserit,
446 1200 506 1238 non
526 1179 675 1261 peccavit:
696 1199 752 1237 nee
766 1181 843 1237 enim
853 1197 900 1235 res
920 1177 1040 1258 impura
1053 1186 1102 1235 est
1119 1175 1344 1242 Matrimonium.

367 1277 394 1328 2.
437 1263 704 1322 HIERONYMUS
725 1262 779 1321 lib.
803 1263 827 1322 l.
854 1274 961 1320 contra
974 1261 1187 1338 iovinianum,
1200 1273 1234 1320 ut
1253 1282 1344 1344 supra,

144 1378 148 1387 ·
225 1386 228 1395 ·
284 1359 399 1429 quaest.
423 1359 450 1414 4.
495 1347 530 1405 A.
554 1361 582 1412 2.
671 1383 676 1399 r
784 1370 789 1383 Χ
980 1358 981 1362 ’

366 1445 395 1497 5.
438 1429 675 1490 GREGORIUS
698 1431 729 1488 iu
755 1450 821 1512 cap.
847 1428 1005 1498 15,tib.t.
1030 1428 1175 1511 Regum:
1213 1429 1344 1489 Nonnulli

287 1517 501 1575 continentiam
525 1515 664 1596 professi,
688 1514 760 1573 dum
782 1535 799 1573 a
820 1515 917 1572 earnis
938 1515 1193 1594 eoncupiscentia
1215 1536 1343 1597 superau-

80 1630 81 1634 =
108 1612 274 1664 Excusariones
285 1613 359 1674 tur,
387 1603 416 1658 in
440 1599 593 1682 conjugali
620 1602 680 1659 vita
702 1597 809 1658 salvari
830 1618 920 1679 posse
952 1597 1128 1657 confidunt.
1174 1600 1303 1674 Quidam
1321 1611 1342 1658 et

109 1661 132 1750 il
145 1669 276 1750 ‘'illle‘l‘t
287 1685 358 1742 dum
381 1679 523 1766 Apostoli
553 1683 876 1743 lieentiamaudiunt:
919 1682 1143 1762 Unusquisque
1171 1679 1255 1742 suain
1276 1705 1341 1743 uro·

125 1774 144 1798 '¹¹
200 1773 212 1824 t
287 1791 348 1828 rem
371 1767 499 1843 habeat,
535 1780 564 1827 et
584 1788 787 1848 unaquaeque
807 1786 895 1824 suum
926 1768 1062 1824 virumz·
1079 1768 1143 1825 siue
1173 1767 1342 1827 discretione

112 568 131 596 s.
145 553 197 594 eor.
210 556 229 595 t,
239 551 271 594 ὅθι

107 1823 157 1848 rum
167 1816 188 1847 et
197 1815 274 1849 bucer·

110 1857 196 1898 dotum·

107 1907 189 1962 hcpr·
205 1915 225 1956 7,
241 1914 260 1950 2.

287 1874 497 1935 personarum,
521 1873 620 1912 omnes
642 1857 673 1910 in
694 1852 757 1910 hoe
774 1863 937 1932 praecepto
960 1850 1122 1925 concludi,
1146 1863 1178 1910 et
1197 1871 1342 1911 sacrorum

285 1938 425 1992 ordinum
447 1939 530 1993 viros
554 1936 704 2018 conjugali
724 1933 834 2015 copula
855 1937 901 1993 uti
921 1955 1015 2015 posse
1046 1936 1188 1994 latentur.
1231 1936 1344 2014 Hujus-

283 2019 368 2075 modi
391 2023 469 2074 enim
491 2039 614 2093 sensus,
646 2018 834 2077 Amaleehita
861 2019 990 2077 camelus
1012 2032 1072 2078 est:
1107 2019 1178 2096 quia
1199 2021 1282 2098 quasi
1307 2038 1340 2075 cr

283 2103 407 2159 ratione
425 2102 542 2180 incipit,
565 2102 617 2158 sed
639 2101 681 2158 ad
700 2101 938 2159 irrationabilem
961 2107 1043 2161 vitem
1067 2100 1164 2160 trahit.

327 2204 340 2209 ·’
366 2197 396 2250 u.
437 2182 682 2257 EPIPHANIUS
704 2185 821 2244 haeresi
839 2199 876 2251 61
908 2181 1220 2267 contratpostolinos,
1243 2199 1327 2261 agens

103 2303 256 2350 bem,
283 2269 320 2328 de
342 2270 384 2345 iis
398 2268 498 2326 verbis
519 2267 625 2329 Pauli:
669 2269 702 2328 Si
728 2272 796 2351 quis
815 2283 914 2328 autem
942 2283 1059 2351 turpem
1078 2287 1106 2325 se
1132 2267 1228 2324 rideri
1259 2266 1330 2322 eris·

281 2357 485 2436 timatsuper·
502 2356 617 2437 virgine
639 2374 708 2429 sua,
740 2354 826 2436 quod
848 2356 887 2412 sit
908 2353 1110 2436 superadulta,
1131 2362 1161 2408 et
1180 2352 1224 2408 ita
1244 2368 1338 2429 opor-

281 2451 325 2498 tet
340 2436 436 2496 ¹lieri:
458 2439 542 2519 quud
564 2438 638 2515 vult,
661 2439 760 2509 faciat,
782 2458 841 2495 non
864 2451 978 2518 peceat,
1001 2435 1145 2497 sinubat
1185 2433 1342 2512 Numquid

104 2549 190 2588 Paulus
207 2549 255 2600 qui.
282 2521 452 2603 Apostolus
473 2544 547 2598 eam,
571 2532 651 2604 qnae'
667 2524 757 2582 semel
770 2524 975 2603 virginitatem
997 2518 1068 2582 Deo
1101 2539 1213 2579 serrare
1236 2517 1345 2576 deere-

104 2598 151 2684 ξξξ
166 2599 258 2696 ζᾞξξὶῗξ·
282 2609 333 2679 rit,
357 2627 371 2663 a
395 2610 631 2687 propr-iocursu
656 2607 814 2666 detrahere
828 2607 938 2679 volens,
959 2606 1037 2665 haec
1059 2603 1234 2687 praecepitii
1276 2600 1346 2661 Nou

101 2699 137 2752 ‘t‘
158 2693 364 2748 nutriumenim
385 2690 422 2747 de
444 2691 491 2749 his
511 2711 613 2750 sermo
624 2703 677 2766 est,
691 2692 744 2750 sed
768 2690 806 2748 de
818 2691 1000 2772 virginibus,
1022 2710 1103 2771 quse
1117 2686 1256 2746 nubendi
1275 2685 1347 2744 tem·

103 2756 173 2786 '¹⁰¹²'
283 2794 340 2856 pus
363 2788 572 2850 excesserunt,
597 2796 671 2854 quae
700 2796 763 2834 non
784 2773 827 2832 ob
856 2776 1060 2855 virginitatem
1094 2776 1126 2831 iu
1150 2773 1258 2854 vigore
1279 2791 1344 2853 per·

281 2870 464 2932 manserunt,
487 2858 538 2916 sed
561 2859 647 2939 quod
675 2861 760 2919 riros
775 2852 838 2918 uon
856 2856 1042 2935 habuerunt,
1067 2859 1125 2940 qui
1145 2876 1196 2916 eas
1221 2856 1260 2916 ad
1277 2875 1344 2937 nup-
1369 2894 1372 2899 Δ

278 2943 334 3001 tias
357 2945 541 3022 petivissent.

364 3039 393 3090 5.
437 3025 704 3085 HIERONYMUS
725 3029 756 3086 iu
768 3047 833 3108 cap.
857 3037 896 3091 56
910 3026 1033 3085 Esaiae:
1076 3025 1116 3084 In
1132 3024 1339 3085 Eunuchisiu·

175 3161 177 3166 .
276 3110 433 3193 telligendi
454 3121 535 3183 sunt,
563 3110 601 3169 de
625 3111 737 3192 quibus
762 3112 911 3178 Dominus
938 3131 969 3168 tn
991 3110 1163 3192 Evangelio
1199 3109 1337 3189 loquitur:

281 3197 342 3268 Qui
367 3206 626 3254 se'eastraverunt
646 3192 777 3278 propter
805 3215 896 3276 regna
922 3194 1099 3253 caelorum:
1138 3193 1252 3274 quales
1273 3201 1337 3252 erant

103 3287 228 3346 Eunuchi,
281 3290 309 3336 et
330 3278 479 3357 Apostoli,
503 3279 613 3358 quibus
637 3279 864 3352 admirantibus,
894 3292 923 3338 et
946 3293 1003 3360 pro
1027 3281 1072 3336 rei
1092 3278 1280 3338 difficultate
1301 3277 1337 3334 di-

104 3338 263 3426 ilidilih.
282 3361 435 3420 centibus:
479 3363 556 3436 Quis
578 3385 653 3447 ergo
668 3375 771 3446 potest
791 3362 889 3421 salvus
910 3362 999 3421 lieri?
1042 3364 1227 3444 Respondit
1251 3362 1339 3420 Salva·

53 3510 57 3515 ,
101 3439 146 3540 2⁸⁴
280 3458 348 3504 tor:
372 3448 433 3520 Qui
456 3459 555 3526 potest
577 3469 695 3529 capere,
717 3449 825 3529 capiat.
869 3447 956 3504 Unde
977 3460 1006 3505 et
1032 3447 1211 3528 ‘Apostolus
1231 3447 1269 3506 de
1292 3445 1338 3504 hu·

126 3503 225 3549 ΝΜ
238 3508 269 3546 ¹²⁴
279 3531 414 3610 jusmodi
434 3530 600 3606 Eunuchis,
622 3533 654 3590 id
679 3543 732 3606 est,
752 3532 790 3589 de
806 3532 982 3614 virginibus,
1005 3542 1207 3614 praeceptum
1231 3529 1337 3590 Domini

182 3645 190 3657 ·
266 3621 312 3673 ‘se
327 3635 392 3677 ¹non
413 3615 524 3672 hahere
545 3627 689 3674 testatur:
711 3615 764 3675 sed
788 3615 839 3673 dat
858 3616 1027 3690 consilium,
1053 3619 1141 3695 quasi
1174 3619 1337 3675 misericor

278 3698 359 3757 diam
380 3712 560 3781 consecutus
595 3720 612 3758 a
635 3701 778 3775 Domino,
800 3699 901 3757 volens
924 3721 1023 3758 omnes
1042 3710 1107 3757 ess'e
1135 3701 1225 3760 sicut
1248 3722 1279 3760 se
1297 3701 1333 3778 ip·

98 3792 180 3834 seor.
198 3801 352 3843 712⁵·Sum.
395 3784 526 3864 Tempus
549 3785 644 3857 enim,
667 3785 727 3860 ait,
747 3787 778 3842 in
801 3782 927 3842 collecto
948 3797 1006 3842 este
1031 3797 1196 3863 superest,
1231 3798 1275 3859 ut,
1292 3781 1329 3860 qui

274 3869 390 3929 habent
406 3888 525 3944 uxores,
547 3870 590 3926 sic
610 3869 679 3942 sint,
698 3863 796 3948 quasi'
809 3887 869 3925 non
888 3867 1027 3927 ha'beant.
1068 3868 1137 3942 Qui
1157 3873 1246 3928 enim
1273 3866 1334 3927 liber

274 3966 398 4011 vocatus
420 3964 464 4010 est
493 3973 508 4010 a
537 3955 682 4012 servitute
702 3963 733 4011 et
764 3952 862 4011 officio
895 3950 1066 4034 conjugali,
1088 3954 1153 4010 ist'e
1192 3974 1282 4013 verus
1302 3959 1341 4008 est*

274 4053 375 4111 seruus
400 4036 520 4096 Christi.
564 4036 605 4095 Et
626 4047 698 4117 post
721 4031 836 4119 pauca:
880 4036 940 4110 Qui
973 4038 1033 4094 sint
1055 4033 1228 4113 Eunuchi,
1255 4053 1336 4115 supra

93 4116 261 4171 &dimitat-
274 4116 410 4191 dixilnus,
427 4122 480 4200 qui
492 4120 624 4180 solliciti
643 4132 714 4181 suut
732 4121 775 4180 sd
795 4142 839 4191 ea,
858 4141 936 4200 quae
955 4121 1012 4179 Dei
1037 4131 1125 4177 sunt:
1161 4122 1206 4180 de
1233 4121 1335 4203 quibus

272 4194 645 4289 loquiturf-etfiapientias
687 4204 790 4271 Beata·
804 4204 910 4269 sterilis
932 4202 1153 4281 immaculata,
1181 4228 1265 4288 quae
1283 4222 1338 4264 nou
