2790 4792
282 331 361 401 820
535 320 614 385 DE
655 317 1113 386 sac'uamssnrs)

287 519 476 573 contractam
489 506 606 589 pcccati
626 502 786 582 maculam,
803 502 966 568 velinsuis
977 504 1175 590 corporibus,
1185 506 1237 569 vel
1255 509 1352 574 cisden

113 590 213 663 riorum
224 603 393 663 ,ui-crutae
413 591 600 676 emporibus
618 593 730 673 (prout
740 591 891 672 ¹superius
904 591 1021 652 dictum
1038 596 1094 668 est)
1116 605 1191 653 suut
1208 609 1352 677 purgatas,

113 659 255 748 iiiiii?
290 682 323 741 in
350 677 584 763 caelumg‘mux·
597 676 718 758 recipi,¹
740 686 773 736 et
787 674 914 735 'intueri
941 675 1023 736 clare
1053 677 1283 758 ipsum-Deum
1305 685 1354 740 tri-

290 773 649 836 w
667 761 1354 908 nmnrn

288 870 411 995 brortali
429 866 637 1013 pudeam-vel
655 926 725 987 solo
749 926 891 1010 originali
918 867 1179 1005 dccednnu'mbl
1213 932 1245 989 in
1268 932 1354 992 infer*-

287 1036 364 1080 num
384 1012 580 1088 descendere,
605 1013 714 1093 poenis
728 1023 831 1071 mmen
847 1011 1025 1096 disparibus
1053 1012 1238 1095 puniendas.

373 1111 408 1168 3.-
447 1095 674 1159 CONCILIUM
706 1096 918 1156 Tridentinum
947 1099 1077 1157 sessione
1102 1096 1157 1157 VI.
1191 1118 1258 1158 ean·
1296 1113 1353 1168 ωε

289 1181 325 1247 Si
348 1184 418 1266 quis
437 1192 679 1264 pnstaeceptam
705 1178 934 1260 justificationis
955 1182 1080 1264 glutiam
1100 1181 1232 1242 cuilibet
1251 1204 1354 1266 pccca-

290 1269 356 1328 tori
378 1264 546 1350 poenitenti
567 1266 612 1325 ita
632 1263 751 1345 culpam
773 1266 897 1340 remitti,
918 1277 949 1324 et
978 1278 1095 1326 reatum
1116 1279 1261 1326 aeternae
1289 1290 1356 1351 poc

93 1362 160 1422 'ros
161 1390 259 1419 nnnnnn
295 1372 352 1412 uae
372 1350 474 1411 delere
495 1349 615 1425 dixerit,
636 1360 673 1408 ut
689 1347 792 1407 nullus
811 1361 963 1410 remaneat
982 1362 1082 1410 reatus
1108 1371 1228 1433 poenae
1246 1363 1358 1435 tempo-

112 1435 367 1519 }ffilffgfflgralis
385 1432 583 1495 exsolvendae
599 1432 646 1493 vel
671 1433 703 1492 in
717 1431 781 1493 boe
798 1433 913 1507 secrrlo,
940 1434 986 1493 vel
1010 1436 1040 1492 in
1062 1434 1172 1495 futuro
1194 1436 1228 1495 iu
1247 1437 1358 1520 Purga-

111 1522 398 1596 ursmarum-torio,
425 1524 587 1600 autequam
621 1516 661 1578 ad
693 1537 788 1600 regna
818 1517 975 1578 caelorum
1003 1519 1103 1578 aditum
1128 1531 1237 1603 patere
1260 1523 1358 1604 possit,
1384 1590 1389 1609 Ι

294 1602 452 1665 snatbema
470 1604 519 1663 sit
1085 1650 1088 1655 -

376 1699 406 1756 9.
446 1687 557 1748 IDEM
576 1684 752 1746 Concilium
763 1684 974 1746 Tridentinum
992 1687 1125 1746 sessione
1138 1687 1254 1765 XXV,
1278 1701 1358 1772 parte

112 1805 225 1848 nostrisa
238 1805 281 1844 2,
290 1775 413 1856 prima,
434 1771 466 1829 in
485 1768 611 1830 decreto
632 1769 671 1829 de
692 1769 897 1852 Purgaturiot
940 1770 1016 1829 Cum
1036 1770 1199 1831 Catholica
1212 1772 1354 1848 Ecclesia,

111 1854 409 1944 ξ’·ζξῇἳξῗξξζδρίήω
419 1865 526 1913 sancto
548 1852 667 1926 edocta,
689 1873 724 1912 ex
741 1853 944 1914 sacris-literis
963 1865 994 1913 et
1013 1857 1141 1935 antiqua
1157 1855 1283 1916 Parrum
1296 1869 1356 1917 tra·

110 1917 213 2008 sicoris,
222 1955 245 1989 et
262 1999 269 2010 ,
291 1939 416 2012 ditione,
430 1938 463 1994 in
472 1935 770 2012 samis.Coneiliis,·et
776 1940 938 1999 novissime
949 1937 982 1997 in
994 1936 1052 1997 bac
1064 1943 1258 2001 oecumenica
1265 1962 1357 2015 syuo·

112 1999 228 2090 iiiiii*
246 2011 332 2080 v'‘do
358 2019 521 2094 docuerit,-
532 2017 847 2100 Purgatoriumesse,
869 2023 1044 2102 animasque
1057 2022 1103 2081 ibi
1117 2022 1259 2098 detentas,
1277 2023 1357 2083 fide·

287 2104 363 2165 lium
384 2103 546 2184 suffragiis,
565 2103 758 2183 potissimum
783 2122 859 2163 vero
878 2105 1058 2186 acceptabili
1081 2106 1181 2167 altaris
1201 2103 1352 2165 sacrificio
1373 2116 1376 2123 “

291 2181 412 2251 'urant
433 2187 585 2271 praecipit
608 2198 712 2247 sancta
736 2185 881 2262 synodus
907 2192 1081 2273 episeopis,
1110 2202 1279 2263 russanum
1316 2190 1354 2249 de

238 2317 240 2323 ι
284 2211 475 2355 l'urgatonio
498 2269 679 2346 doctrinam,
699 2272 850 2332 crunctis
868 2269 1017 2333 Patribus
1047 2286 1077 2334 et
1096 2272 1356 2335 samis-Gunciliis

285 2356 441 2432 traditam,
461 2376 480 2418 a
501 2353 617 2417 Christi
635 2352 898 2434 fidelibuseredi,
918 2358 1024 2432 teneri,
1049 2357 1172 2437 doceri,
1190 2369 1224 2419 ct
1245 2358 1358 2440 ubique

285 2439 476 2524 praedicari,
505 2439 667 2523 diligenter
693 2432 842 2501 studeant.
892 2439 985 2523 Apud
1006 2440 1114 2501 rudem
1132 2463 1221 2505 ¹vcro
1244 2443 1359 2525 plebem

287 2522 473 2584 difficiliores
494 2544 529 2583 ac
548 2522 726 2584 subtiliores
759 2525 968 2606 quaestiones,
995 2546 1134 2607 quaeque
1159 2527 1200 2587 ad
1221 2525 1360 2587 aedifica·

285 2610 402 2671 tionem
422 2627 485 2667 non
499 2606 629 2683 faciunt,
652 2619 682 2667 et
704 2607 873 2689 estquibus
885 2609 1069 2691 plerumque
1095 2609 1183 2671 nulla
1209 2608 1247 2671 fit
1269 2614 1358 2695 pieta·

285 2693 325 2750 tis
344 2692 485 2766 accessio,
508 2689 747 2772 apopularibus
770 2693 970 2754 concionibus
990 2691 1201 2757 secludantur.
1246 2696 1359 2756 Incerta

285 2774 369 2850 item,
401 2773 448 2833 vel
467 2793 545 2854 quae
566 2775 667 2854 speeie
685 2774 756 2833 falsi
773 2774 926 2854 laborant,
949 2777 1082 2858 evulgari
1101 2799 1137 2838 ac
1156 2783 1284 2840 tractari
1303 2800 1359 2840 non

285 2857 474 2939 permittant
517 2857 562 2915 Ea
588 2876 673 2932 vero,
696 2877 776 2938 quae
800 2859 840 2919 ad
867 2862 1076 2921 curiositatem
1105 2862 1283 2942 quandam,
1311 2874 1358 2924 aut

286 2942 536 3023 superstitionem
556 2951 712 3022 spectant,
733 2940 781 3002 vel
802 2953 893 3024 turpe
917 2945 1036 3005 lucrum
1061 2948 1196 3029 sapiunt,
1221 2961 1357 3030 tauquam

192 3084 195 3091 ,
287 3024 429 3085 scandala
445 3036 474 3085 et
497 3022 634 3084 fidelium
666 3022 853 3087 offendicula
874 3028 1068 3109 prohibeant.
1112 3031 1234 3095 Curent
1265 3043 1356 3093 autem

145 3143 191 3179 ora,
209 3118 237 3173 u:
249 3145 277 3176 ns
287 3108 443 3193 Episcopi,
470 3120 506 3168 ut
530 3107 668 3168 fidelium
694 3109 834 3171 vivorum
863 3113 1030 3196 suffragia,
1051 3115 1220 3175 Missurum
1249 3116 1354 3178 seilicet

109 3181 144 3273 ,'
191 3185 225 3272 ‚⁵
287 3190 456 3269 sacrificia,
482 3196 651 3269 orationes,
685 3189 908 3271 eleemosynae,
947 3199 1064 3279 aliaque
1101 3201 1229 3280 pietatis
1257 3219 1352 3284 opere,

288 3297 366 3358 quae
389 3297 406 3336 a
426 3273 571 3337 fidelibus
595 3297 655 3358 pru
681 3275 748 3336 aliis
760 3277 905 3340 fidelibus
927 3280 1077 3342 detunctis
1101 3281 1354 3346 fieri-consuere·

285 3372 369 3436 runt,
401 3360 567 3420 secuudum
590 3359 744 3421 Ecclesiae
765 3364 923 3439 instituta,
952 3367 1003 3448 pie
1033 3377 1063 3426 et
1083 3365 1193 3427 devote
1223 3367 1309 3446 fiant,
1328 3377 1354 3428 et

285 3448 365 3521 uuae
385 3463 444 3524 pru
463 3441 524 3503 illis
547 3466 583 3504 ex
608 3454 794 3505 testatorum
819 3447 1064 3524 fundationibus,
1084 3449 1133 3509 vel
1159 3449 1221 3513 alia
1241 3456 1352 3514 ratione

285 3525 448 3599 debentur,
474 3544 538 3584 nou
562 3527 795 3608 perfunctorie,
818 3532 876 3591 sed
913 3544 930 3593 a
954 3533 1168 3594 sacerdotibus
1204 3549 1238 3598 et
1260 3536 1353 3598 eccle-³

283 3612 348 3672 siae
368 3610 514 3669 ministris
536 3622 566 3670 ct
584 3609 662 3685 aliis,
684 3610 740 3692 qui
756 3609 819 3674 boe
836 3628 992 3698 praestare
1010 3628 1165 3695 tenentur,
1194 3620 1353 3706 diligenter

284 3706 315 3756 et
339 3704 483 3755 accurate
511 3695 734 3775 persolvantur.

368 3791 416 3845 10.
458 3775 570 3838 BEDA
600 3778 828 3859 expositionum
865 3781 1100 3867 allegoricarum
1128 3786 1161 3848 in
1185 3786 1353 3852 Samuelem

281 3859 366 3922 libro
389 3873 511 3943 quarto,
530 3883 596 3944 cap.
623 3874 682 3937 10,
701 3863 735 3922 lu
753 3883 788 3924 ea
808 3865 903 3939 rerba
926 3868 1025 3930 ultimi
1039 3870 1147 3952 capitis
1170 3871 1245 3935 libri
1265 3873 1352 3958 primi

279 3944 414 4026 Regum:
457 3944 499 4004 Et
527 3948 740 4008 ieiunaverunt
755 3961 871 4032 septem
890 3951 1021 4016 diebusa
1064 3956 1169 4031 Recte,
1192 3959 1303 4042 inquit,
1325 3967 1355 4017 et

280 4026 320 4085 ad
342 4027 458 4087 literam
486 4049 543 4110 pru
570 4031 715 4107 mortuis,
744 4042 780 4092 ut
807 4033 847 4095 ad
876 4039 1015 4117 requiem
1035 4042 1195 4123 peruenire
1226 4043 1353 4119 valeant,

279 4122 391 4193 septem
414 4111 521 4173 diebus
544 4115 705 4174 ieiunatur.

362 4207 387 4261 1.
431 4196 471 4258 u.
493 4195 720 4262 comunem
742 4211 887 4282 qucum
908 4170 1232 4292 arnaginensem
1255 4213 1353 4274 nur·
