2790 4792
202 285 302 383 ,sn
444 303 524 365 nn
565 299 1034 402 sucatum-nsro
1106 396 1122 411 .

207 490 341 551 fecerant
360 485 564 563 Amorrhaci,
583 503 663 568 quos
689 485 879 567 consumpsit
898 484 1052 548 Dominis
1074 503 1103 553 a·
1119 483 1205 547 tacte
1225 484 1284 566 iili·-

210 615 301 655 orum
324 593 427 655 Israel.
477 594 587 673 Itaque
621 613 691 656 cum
722 590 857 652 audisset
887 590 996 652 Achab
1017 601 1179 655 sermones
1204 597 1284 674 istos,
1328 608 1331 615 ’

210 702 301 762 scidit
323 705 499 780 vestimenta
518 720 582 788 sua,
603 713 634 761 et
651 710 776 782 operuit
793 699 894 760 cilicio
910 720 1048 759 carnem
1071 721 1181 778 suam,
1213 703 1287 763 ieiu-

210 811 365 890 navitque,
385 821 416 869 et
431 805 575 879 dormivit
599 808 630 864 in
652 826 753 883 sacco,
773 818 803 867 et
819 806 985 884 ambulavit
1011 807 1145 868 demisso
1180 811 1286 892 capite.

213 891 263 979 'Et'
275 906 382 977 sactus*
395 927 441 975 est
464 933 562 974 sermo
591 914 716 973 Domini
743 912 782 974 ad
809 913 907 976 Elium
928 913 1131 991 Thesbitem,
1167 915 1286 977 dicenst

213 998 325 1086 Nonne
355 1023 458 1084 vidisti
486 1021 679 1081 humiliatum
714 1019 823 1081 Achab
857 1043 961 1083 coram
990 1021 1062 1083 mel
1097 1023 1173 1104 quia
1199 1024 1288 1107 igitur

216 1126 391 1199 humiliatus
412 1140 457 1189 est
478 1131 536 1190 mei
568 1148 679 1205 causa,
701 1149 764 1189 nou
790 1127 947 1206 inducam,
963 1128 1081 1208 malum
1117 1131 1151 1190 in
1179 1129 1286 1191 diebus

211 1235 294 1317 ejus,
317 1234 420 1295 sedin
443 1235 552 1319 diebus
576 1231 631 1296 filii
652 1237 701 1315 sui
720 1235 849 1295 inferam
879 1235 1116 1307 malumdnmui
1148 1238 1231 1318 ejus.

199 1391 200 1395 ,
301 1342 318 1402 J
325 1363 405 1402 oan
427 1343 499 1403 Illa
541 1341 583 1402 Et
609 1341 747 1403 clamavit
769 1354 800 1404 ct
824 1343 931 1403 dixit
923 1364 953 1402 ιιι
976 1341 1085 1402 Ninive
1108 1361 1145 1400 ex
1166 1362 1222 1402 ore
1242 1363 1290 1402 re·

218 1450 263 1532 gis
286 1461 315 1511 et
336 1452 509 1557 principum
524 1448 601 1531 ejus,
618 1449 741 1514 dicensr
784 1450 938 1527 Homines,
956 1463 986 1510 et
1008 1449 1157 1533 jumenta,
1180 1460 1213 1509 et
1235 1447 1290 1509 bo·

218 1577 286 1633 ves,
310 1571 340 1617 et
371 1550 484 1642 pecora
512 1579 577 1618 non
599 1570 720 1642 gustent
749 1557 934 1644 quidquam:
967 1577 1023 1616 nec
1045 1567 1237 1640 pascantur,
1263 1567 1291 1616 et

221 1680 330 1742 aquam
359 1684 423 1722 non
451 1663 592 1726 bibant.r
618 1667 659 1728 Et
686 1667 865 1749 operiantur
890 1667 982 1726 saccis
1006 1663 1149 1725 homines
1187 1675 1218 1725 et
1239 1665 1291 1745 ju-

219 1781 318 1830 menta
338 1781 367 1829 et
389 1769 518 1832 clament
537 1772 576 1832 ed
595 1773 791 1832 Βοιιιὶιιιιιιι
784 1795 815 1834 ιιι
838 1772 1034 1834 fortitudine:
1071 1781 1101 1832 et
1132 1783 1291 1836 conver-ta

220 1887 274 1933 tur
296 1877 344 1933 vir
368 1874 385 1934 a
411 1898 457 1936 vra
471 1898 526 1936 sua
544 1876 631 1954 mala,
656 1863 686 1969 et
707 1877 748 1939 ab
769 1881 940 1959 iniquitate,
967 1888 1114 1962 quaeest
1144 1879 1175 1937 iu
1196 1879 1292 1936 mani·

219 1964 278 2042 tius
300 2000 415 2041 eorum.
459 1983 537 2060 Quis
558 1984 634 2060 scit,
657 1985 682 2047 si
711 1998 927 2089 converqtntur
950 1997 979 2044 et
1004 1987 1172 2068 ignoscat
1184 1982 1286 2044 Densa

221 2097 250 2146 et
271 2094 442 2159 setestatus
465 2088 628 2148 afurore
621 2109 685 2175 rrae
708 2110 802 2166 suae,
813 2102 843 2150 et
866 2112 931 2149 non
953 2075 1140 2174 peribimus?
1177 2088 1265 2149 Ει
1237 2110 1284 2146 ιι-

222 2192 267 2255 dit
292 2196 375 2255 Deus
393 2215 486 2281 opera
508 2217 623 2271 eorum,
644 2199 715 2280 qnia
739 2200 878 2257 conversi
899 2210 970 2257 sunt
990 2197 1028 2257 de
1053 2202 1104 2259 via
1123 2219 1173 2260 sua
1193 2192 1281 2256 mala:

223 2324 240 2363 e
267 2304 408 2364 misertus
424 2316 468 2366 est
488 2296 573 2366 Deus
592 2325 699 2395 super
702 2292 827 2407 malitia,
850 2327 943 2407 quam
963 2288 1089 2368 locutus
1116 2308 1223 2384 fuerat,
1253 2313 1289 2364 ιιι

224 2409 384 2499 facer'et
360 2397 412 2490 eis,
432 2398 462 2488 et
484 2433 545 2479 non
565 2413 645 2476 fecit.
714 2476 737 2511 ⁴,

306 2518 388 2578 Act.
412 2520 516 2582 XIX..
557 2500 665 2582 ΜιιΙιί
672 2496 862 2611 credentium
891 2531 947 2583 etc.
972 2533 1009 2580 ut
1033 2512 1064 2581 iu
1090 2533 1187 2582 textu.

307 2624 457 2687 Numer.
475 2628 533 2691 V.:
573 2628 633 2711 Vir
664 2632 726 2690 sive
748 2629 855 2713 mulier
890 2650 958 2688 eum
984 2629 1112 2688 fecerint
1135 2647 1173 2688 ex
1199 2628 1296 2689 omni-

223 2728 282 2790 bus
302 2733 444 2812 peccatis,
472 2753 550 2811 quae
568 2733 669 2794 solent
686 2704 863 2819 bominibus
890 2739 1042 2813 accidere,
1066 2748 1096 2796 et
1118 2758 1180 2822 per
1199 2734 1296 2821 negli-

224 2839 355 2920 gentiam
377 2850 407 2897 ιι
409 2857 556 2919 ιιιεῠιιιιι
547 2839 683 2901 *luerint
690 2812 871 2902 mandatum
888 2842 1023 2918 Domini,
1041 2855 1134 2926 atque
1157 2842 1298 2927 delique-

226 2945 309 3004 rint.
332 2936 565 3017 confitebuntur
585 2923 741 3031 peccatum
760 2968 859 3028 suum,
879 2960 909 3008 et
928 2951 1076 3011 r'eddent
1069 2973 1170 3034 rpsum
1195 2960 1295 3034 caput,

227 3053 426 3136 quintamque
455 3066 573 3137 partem
593 3053 724 3136 desuper
743 3056 782 3131 ci,
802 3057 834 3113 in
858 3076 947 3136 quem
966 3060 1168 3141 peccaverint.

242 3146 247 3155 ’
311 3159 443 3222 Jacob.
471 3162 531 3225 V..·
573 3156 776 3248 Confitemiui
791 3156 972 3224 alterutrum
1006 3178 1062 3225 etc.
1087 3176 1119 3223 ut
1145 3166 1179 3225 in
1205 3139 1296 3225 textu

311 3269 445 3330 Matth.
469 3270 540 3331 IlI.:
583 3235 807 3331 Poeiitentiam
824 3272 912 3368 agite,
935 3273 1193 3357 appropinquavit
1220 3271 1297 3374 enim

228 3394 354 3459 regnum
376 3375 540 3436 caelorum.
611 3421 614 3425 ,

274 3481 399 3547 Luc.
420 3482 493 3542 III.:
535 3483 639 3545 Facite
662 3501 754 3569 ergo
746 3456 880 3547 iructus
890 3485 1008 3571 dignos
1036 3483 1257 3546 Poenitentiae.

310 3589 394 3650 Act.
421 3587 536 3664 XXVI.
566 3590 685 3677 inquit
699 3583 833 3653 Paulus:
876 3593 938 3654 Sed
958 3592 1023 3672 his,
1055 3594 1107 3676 qui
1134 3606 1208 3653 sunt
1235 3588 1300 3652 Da·

227 3692 323 3769 masei
341 3699 482 3778 primum,
503 3710 534 3757 et
560 3666 816 3776 Hierosolymis,
814 3711 845 3760 et
868 3702 898 3759 in
921 3721 1039 3759 omnem
1060 3704 1217 3785 regionem
1242 3700 1299 3758 Ju-

228 3802 337 3879 daeae,
356 3816 387 3863 et
418 3803 560 3888 gentibus
586 3807 829 3901 annunciabun,
856 3819 893 3869 nt
922 3809 1140 3890 poenitentiam
1165 3790 1300 3890 agerent,

231 3920 260 3967 et
281 3922 533 4019 converterentur
552 3911 592 4004 ad
621 3913 741 4013 Deum,
774 3914 875 3995 aliqua
903 3913 1112 4001 Poeuitentiae
1135 3934 1233 3998 opera
1253 3909 1303 3970 fa·

231 4013 362 4074 cientes.

311 4120 459 4183 Daniel.
483 4122 559 4187 1V.·
583 4100 713 4222 Peccata
735 4140 788 4218 tua
809 4123 1001 4229 eleemosynis
1023 4141 1077 4189 etc.
1098 4141 1134 4188 ut
1155 4130 1186 4188 in
1209 4138 1302 4186 textu.

296 4226 350 4287 ’.ΙΙ
385 4204 576 4293 Cor'iuth.
594 4204 689 4296 xlta
731 4209 846 4308 Timeo,
867 4251 917 4311 ne,
932 4220 1045 4299 iterum
1077 4257 1148 4300 cum
1176 4229 1300 4307 renero,
