2790 4792
253 343 281 410 6
474 328 1095 396 nnsacnartE-rt-ms

256 514 533 593 ttar„invisibi1em
554 514 827 580 sanctificationem
840 514 1033 600 'quibusdam
1053 516 1200 596 affuisse,
1232 530 1327 602 atque

257 602 415 689 profuisse
441 603 508 664 sine
529 600 705 664 visibilibus
726 603 946 680 sacramentis,
977 623 1055 684 qnae
1073 625 1133 687 pro
1154 616 1328 687 temporum

260 688 435 750 diversitate
455 697 572 748 mutata
592 699 682 765 sunt,
702 700 740 748 nt
759 686 820 748 alia
838 699 914 747 tunc
933 686 1066 764 fuerint,
1099 699 1130 749 et
1151 687 1211 749 alia
1232 690 1327 751 modo

260 775 336 834 sinte
357 771 508 833 visibilem
527 791 603 833 vero
624 769 915 849 sanctificationem,
934 792 1013 855 quac
1037 769 1125 834 fieret
1143 794 1200 856 per
1219 773 1330 833 visibis

97 870 251 932 coaequans
262 858 304 919 lia
319 854 534 934 Sacramenta,
555 857 621 917 sine
640 859 699 919 ista
719 855 864 918 invisibili
885 876 977 939 posse
999 856 1123 933 adesse,
1154 877 1216 918 non
1238 879 1330 941 posse

85 922 251 1013 idithim:
261 942 418 1027 prodesse.
459 941 523 1003 Nec
552 953 654 1002 tamen
686 941 758 1003 ideo
793 941 1025 1002 Sacramentum
1045 940 1164 1003 visibile
1191 954 1330 1003 contem-

86 1025 196 1110 Μῖῑω·
245 1026 396 1113 ‘nendum
418 1038 483 1088 est:
516 1046 586 1086 nam
607 1037 801 1111 contemptor
829 1027 896 1107 ejus
923 1025 1115 1085 invisibiliter
1145 1026 1331 1088 sanctificari

86 1121 129 1167 ts·
185 1095 194 1119 ¹
263 1111 352 1174 nullo
371 1110 468 1173 modo
486 1121 600 1191 potest.
642 1112 721 1171 Hinc
742 1121 796 1186 est,
818 1109 905 1192 quod
926 1110 1110 1187 Cornelius,
1133 1123 1163 1171 et
1184 1114 1241 1193 qui
1263 1134 1328 1172 cunr

168 1256 171 1261 .
263 1219 301 1259 eo
323 1207 432 1274 eraut,
466 1216 536 1256 cum
557 1198 622 1275 jam
642 1195 837 1255 invisibiliter
857 1195 960 1255 inluso
981 1206 1087 1256 sancto
1110 1195 1229 1278 Spiritu
1244 1218 1330 1257 sanc·

261 1279 372 1343 tificati
400 1292 603 1364 apparerent,
632 1278 777 1364 baptisati
799 1292 870 1340 sunt
892 1290 1087 1339 tament-nec
1108 1280 1261 1362 superflua
1282 1283 1332 1362 ju-

262 1366 364 1427 dicata
393 1377 437 1427 est
464 1364 594 1425 visibilis
613 1363 831 1442 sanctificatio,
864 1384 956 1446 quam
975 1362 1137 1425 invisibilis
1158 1366 1223 1446 jam
1244 1388 1334 1450 prae·

262 1463 403 1512 cesserat.
1269 1482 1272 1487 ·
1323 1486 1327 1491 -

99 1563 230 1607 m,.,;„,„
349 1547 378 1602 5.
421 1533 531 1595 IDEM
558 1530 748 1616 Augustinus
778 1516 896 1614 quaest
917 1544 968 1600 35.
1000 1548 1066 1609 sup.
1088 1534 1196 1594 Num:
1219 1533 1336 1595 Eadem

88 1613 250 1705 illm?
265 1625 382 1704 qnlppe
397 1631 475 1681 sunt
502 1620 534 1676 in
555 1619 650 1678 veteri
674 1631 705 1679 et
724 1638 824 1681 novos
854 1618 898 1678 ibi
922 1618 1124 1694 obumbrata,
1147 1618 1198 1677 hic
1221 1619 1337 1680 revela⁶

90 1717 207 1771 enatae
222 1714 320 1767 letas
342 1704 386 1762 ibi
405 1699 635 1785 praefigurata,
655 1701 708 1763 hic
730 1703 928 1762 manifestata.
971 1702 1050 1762 Nant
1067 1724 1130 1763 non
1154 1703 1252 1762 solnm
1279 1704 1337 1764 Sa-

90 1770 137 1814 ⁸¹⁸‘
267 1798 422 1849 eramenta
448 1786 568 1845 diversa
586 1796 685 1865 sunt,¹
699 1805 814 1864 verum
841 1782 1100 1868 etiam-promissa
1124 1787 1168 1849 ibi
1192 1789 1338 1849 videntur

266 1868 448 1953 temporalia
465 1869 620 1951 proponi,
643 1866 756 1948 quibus
779 1868 918 1950 spiritale
931 1872 1102 1951 praemium
1132 1873 1254 1932 occulte
1276 1877 1338 1956 sig·

266 1954 444 2017 nificeturz.
462 1952 516 2013 bic
542 1963 643 2013 autem
676 1952 916 2013 manifestissime
937 1954 1090 2036 spiritalia
1113 1959 1337 2037 promittuntur

267 2062 285 2101 e
326 2051 458 2102 aeterna.
774 2084 777 2091 .
940 2078 944 2085 ·

94 2052 299 2199 v,„„„„„‚t
353 2136 383 2191 (t.
426 2117 737 2182 TERTULLIANUS
760 2122 791 2180 in
812 2120 846 2181 L.
868 2121 907 2182 de
925 2136 1090 2184 resurrect.
1113 2144 1213 2184 carna
1235 2124 1295 2185 Sed
1308 2135 1337 2185 et

95 2215 232 2248 mentorum.
269 2228 344 2270 caro
372 2207 531 2282 abluitur,
563 2216 600 2265 ut
638 2208 737 2266 anima
770 2207 962 2267 emaculetur.
1019 2208 1098 2268 Caro
1126 2213 1270 2293 ungitur,
1301 2220 1339 2269 -nt

269 2298 369 2355 anima
406 2302 615 2353 consecretur.
659 2290 740 2350 Caro
766 2293 923 2374 signatur,
951 2305 987 2353 ut
1007 2304 1037 2352 et
1056 2296 1154 2352 anima
1173 2297 1340 2354 muniatur.

271 2379 351 2439 Caro
386 2397 493 2439 manns
514 2377 711 2457 impositione
730 2375 957 2450 adumbratur,
994 2388 1030 2436 ut
1055 2389 1086 2436 ct
1106 2377 1208 2438 anima
1228 2381 1341 2460 spiritu

269 2463 470 2523 illuminetur.
523 2459 604 2521 Caro
626 2464 774 2542 eorpore'
795 2472 826 2521 et
848 2462 995 2544 sangnine
1015 2459 1176 2522 CHRISTI
1198 2466 1341 2538 vescitur,

270 2559 358 2608 utet
383 2551 482 2607 anima
500 2546 539 2605 de
560 2545 628 2606 Deo
654 2546 823 2628 saginetur.
1181 2578 1183 2583 ·
1227 2584 1231 2591 -

89 2650 246 2717 'rossem
356 2643 386 2698 7.
430 2629 669 2689 GREGORIUS
700 2631 736 2689 L.
763 2628 828 2693 vl..
846 2649 913 2712 cap.
942 2641 976 2697 3.
1002 2629 1034 2688 in
1066 2629 1091 2688 1.
1124 2629 1219 2712 Rega
1245 2630 1342 2729 foris

97 2731 175 2765 menta
192 2738 247 2784 eon,-
273 2724 461 2773 sacramenta
487 2713 695 2794 percipimus,
728 2724 765 2771 ut
789 2713 872 2772 intus
895 2714 992 2773 sancti
1013 2712 1146 2795 Spiritus
1173 2729 1273 2796 gratia
1291 2736 1344 2774 re-

97 2773 420 2882 ‘⁰¹‘'¹‘⁸‘⁸²¹⁸·pleamur.
469 2796 563 2856 Foris
593 2815 725 2875 namque
759 2795 870 2871 bomo,
902 2797 1094 2857 Deusintns
1112 2810 1259 2880 operatur
1268 2840 1282 2874 ,-
1313 2810 1344 2859 et

272 2902 338 2940 non
368 2879 473 2942 bomo.
522 2880 614 2939 Foris
644 2899 777 2959 namque
803 2878 899 2940 bomo
920 2883 1030 2963 surgit,
1060 2883 1141 2941 intus
1159 2902 1190 2940 se
1215 2885 1343 2966 spiritus

264 2965 381 3048 dirigit
389 2987 401 3041 r
424 2967 498 3045 quia
518 2962 660 3023 ordinem
676 2962 833 3045 religionis
855 2962 950 3022 bomo
967 2965 1086 3025 bomini
1101 2965 1255 3046 praebet,
1288 2966 1344 3026 sed

273 3049 306 3109 in
326 3069 410 3125 eum,
434 3048 483 3107 cni
503 3046 584 3106 ordo
603 3047 717 3123 datur,
750 3048 878 3128 spiritus
897 3046 1058 3130 dirigitur,
1088 3060 1124 3107 ut
1145 3049 1222 3110 foris
1243 3049 1345 3111 snbli-

266 3133 408 3195 mitatem
416 3133 564 3278 sffilffi
567 3130 710 3276 8331&
712 3173 739 3273 ἰ]
740 3142 786 3273 set
804 3133 892 3273 limus
910 3130 1010 3191 robur
1018 3135 1127 3276 dstarrcti
1151 3132 1316 3278 priritns.ll
1332 3158 1336 3169 ·

99 3230 264 3275 Visstetrua.
829 3236 888 3274 om.
960 3259 968 3276 0
999 3236 1017 3276 a
1091 3238 1109 3276 0
1135 3259 1142 3275 ·
1206 3239 1225 3276 n
1317 3238 1340 3278 .t

96 3231 526 3372 iidffisssiif‘Nihilesensibile
551 3299 654 3361 nobis·
673 3295 870 3358 CHRISTUS
890 3228 1039 3377 addidit,
1066 3237 1132 3359 Sed
1150 3320 1197 3360 res
1218 3231 1345 3382 diddem

97 3384 176 3469 {¹32}
200 3391 265 3435 ΡΜ·
277 3386 453 3462 sensibiles,
475 3405 579 3446 omnes
600 3396 702 3445 autem
718 3380 932 3465 intelligibiles.
983 3382 1093 3445 Itidem
1112 3395 1142 3442 et
1169 3386 1200 3442 in
1221 3385 1346 3469 Raptis

131 3534 135 3545 ,
165 3488 186 3537 ··;
276 3482 386 3546 mete,
403 3488 462 3552 per
483 3489 566 3546 rem,
595 3488 704 3550 nempe
729 3466 903 3528 sensibilem
920 3489 1048 3549 aquam,
1078 3467 1196 3527 donum
1216 3472 1345 3530 confer-

252 3564 347 3613 ·tnr=
367 3552 558 3634 intelligibile
579 3573 654 3612 vero
683 3550 769 3633 quod
789 3550 964 3634 perficitur,
986 3551 1140 3634 generatio
1161 3563 1193 3612 et
1213 3552 1346 3615 renova·

272 3637 330 3698 tio.
373 3634 407 3694 Si
443 3636 523 3695 enirn
553 3640 756 3718 incorporeus
790 3656 890 3713 esses,
923 3634 1007 3695 nuda
1027 3648 1058 3696 et
1076 3637 1263 3717 incorporea
1282 3637 1343 3699 tibi

273 3718 408 3781 dedisset
428 3719 496 3801 ipsa
529 3716 627 3778 donae
653 3719 708 3779 sed
736 3721 882 3799 qnoniam
913 3721 1013 3778 anima
1040 3721 1169 3803 corpori
1200 3732 1344 3785 conserta

270 3814 339 3881 cst,
359 3803 393 3865 in
412 3801 609 3865 sensibilibus
633 3801 838 3887 intelligIbilia
854 3803 914 3865 sibi
931 3802 1070 3885 praebet.
