2790 4792
250 364 381 463 rm¹
479 348 594 430 'os
640 350 1127 464 §teutmaro

335 544 466 640 Apoc.
478 554 563 616 XIX.
575 542 617 617 ‘et
636 551 758 616 Xler
800 552 901 613 Deum
920 551 1024 615 adora.

337 661 516 724 Heb-r.1.:
559 660 600 721 Et
619 681 690 722 cum
708 661 819 721 iterum
840 659 1012 721 introducit
1034 658 1317 742 primogenitumln
1355 686 1361 691 ·

256 769 363 834 orbem
384 779 493 844 terrae,
509 765 599 828 dicit:
640 768 682 831 Et
705 765 835 828 adorent
858 787 927 828 eum
953 787 1057 829 omnes
1079 765 1177 850 angeli
1193 767 1278 828 DEI.

287 948 292 961 ἱ
338 873 620 940 Psalm.XGV1.:
661 873 799 935 Adorate
817 894 886 934 eum
902 893 1004 934 omnes
1024 870 1123 958 augeli
1146 871 1233 953 ejus;
1266 891 1318 932 au·

258 983 336 1047 divit
359 994 389 1044 et
410 980 519 1042 lactata
544 991 590 1041 est
614 978 699 1041 Sion.

341 1088 477 1151 Psalm.
498 1087 627 1152 uma
668 1085 711 1148 Et
727 1085 901 1155 adorabunt
919 1101 989 1148 eum
1014 1103 1117 1146 omnes
1136 1103 1230 1169 reges
1256 1093 1318 1146 ter-

261 1217 323 1276 rae,
339 1217 444 1258 omnes
468 1205 570 1278 gentes
589 1193 720 1254 servient
734 1192 788 1254 illi.
1183 1210 1185 1217 ’

345 1303 485 1365 Psalm.
507 1300 610 1360 XXL:
651 1299 753 1361 Edent
778 1304 929 1384 pauperes
961 1308 992 1359 et
1021 1293 1258 1358 saturabunturr
1293 1303 1322 1357 et

263 1410 435 1473 laudabunt
445 1397 619 1482 Dominum,
636 1407 690 1489 qui
712 1408 874 1488 requirunt
893 1425 972 1483 eum,
998 1413 1055 1466 etc.
1096 1404 1139 1464 Et
1155 1400 1322 1464 adorabunt

264 1520 296 1580 in
316 1527 481 1601 conspectu
502 1501 570 1594 ejus
590 1514 746 1575 universae
768 1513 897 1575 familias
915 1515 1059 1598 gentium.

227 1610 236 1626 ⁹
277 1653 280 1658 v
346 1619 574 1709 Mattb.1l.:
616 1621 658 1682 Et
681 1622 827 1681 intrantes
849 1621 983 1697 domum,
1004 1622 1185 1680 invenerunt
1199 1632 1323 1701 puerum

206 1706 209 1713 Ι
266 1749 336 1791 cum
354 1730 450 1789 Maria
470 1737 567 1787 matre
588 1727 670 1807 ejus:
693 1738 724 1787 et
746 1727 959 1810 procidentes,
980 1727 1186 1788 adoraverunt
1210 1743 1288 1783 eum.

348 1835 365 1895 J
372 1855 455 1896 oau.
481 1832 553 1892 lX.:
595 1828 651 1895 Tu,
671 1833 770 1895 credis
789 1835 821 1893 in
842 1831 940 1895 filium
978 1833 1055 1893 Dei?
1088 1842 1145 1892 etc.
1174 1840 1206 1890 et
1224 1810 1326 1913 proci·

245 1924 351 2018 dens,
375 1939 515 2000 adoravit
537 1956 615 1996 eum.

349 2043 489 2106 Matth.
515 2043 621 2107 XIV.:
663 2043 728 2120 Qui
755 2053 857 2106 autem
884 2045 916 2104 in
941 2041 1079 2106 navicula
1099 2055 1209 2121 erant,
1239 2059 1329 2101 vene-

144 2180 152 2191 *
268 2163 353 2228 runt,
375 2164 405 2212 et
425 2151 635 2245 adoraverunt
646 2170 733 2228 eum,
756 2149 907 2212 dicentess
950 2151 1030 2214 Vere
1056 2150 1136 2212 filius
1165 2151 1286 2211 Dei'es.

351 2257 483 2320 Matth.
503 2244 576 2318 lX.=
616 2256 699 2320 Ecce
721 2259 862 2342 princeps
884 2279 971 2320 uuus.
991 2260 1138 2338 accessit,
1164 2269 1197 2320 et
1220 2256 1329 2319 adora·

269 2367 323 2429 bat
338 2387 415 2429 eum.
465 2368 467 2379 '
565 2374 569 2389 ¹

352 2471 493 2559 Matth.
515 2471 687 2535 XXVIII.2
726 2471 872 2532 Undecrm
899 2482 997 2532 autem
1022 2467 1165 2552 discipuli
1193 2451 1330 2527 abierunt

269 2578 303 2642 iu
324 2579 496 2662 Galilaeam,
518 2580 550 2639 in
570 2592 706 2642 montem
726 2578 780 2640 ubi
808 2581 1009 2642 constituerat
1037 2579 1096 2639 illis
1122 2575 1251 2638 tusus.
1292 2573 1331 2634 Et

270 2683 406 2747 videntes
423 2705 491 2744 eum
510 2685 723 2751 adoraverunt
780 2726 790 2753 .

353 2791 447 2856 Luc.
467 2782 601 2854 Xxlv.:
643 2786 685 2852 Et
700 2792 854 2853 ferebatur
874 2794 906 2854 in
922 2792 1049 2870 caelum,
1072 2802 1102 2851 et
1122 2790 1181 2875 ipsi
1200 2787 1331 2850 adoran·

270 2909 326 2976 tes,
350 2896 477 2979 regressi
501 2899 622 2959 suntin
642 2898 840 2965 Hierusalem.
1148 2937 1154 2943 ,

353 2985 464 3075 Rom.
476 3002 549 3063 VL=
592 3004 787 3065 CHRISTUS
803 3024 959 3090 resurgens
974 3024 1008 3066 ex
1029 3003 1168 3076 mortuis,
1189 3001 1254 3083 jam
1270 3018 1331 3063 uon

269 3109 417 3170 moritur:
453 3122 535 3171 mo'rs
559 3109 603 3171 illi
624 3110 705 3173 ultra
730 3132 793 3173 uon
821 3111 1038 3173 dominabitur.

352 3216 493 3279 Psalm.
518 3216 651 3284 XCIV.2
672 3217 808 3302 lenite,
830 3219 991 3280 exultemus
1013 3218 1155 3292 Domino,
1172 3226 1232 3276 etc.
1255 3234 1332 3298 quo-

271 3321 353 3415 niam
374 3325 458 3384 Deus
482 3344 607 3408 magnus
633 3325 782 3389 Dominus
811 3339 843 3388 et
873 3348 924 3388 rex
953 3345 1076 3410 magnus
1110 3342 1207 3405 super
1230 3338 1330 3383 omnes

270 3428 365 3508 Deos,
391 3432 463 3512 quia
485 3431 517 3489 in
540 3453 631 3493 manu
654 3433 722 3514 ejus
754 3446 827 3496 suut
854 3431 928 3494 fines
957 3444 1076 3507 terrae,
1101 3440 1133 3491 et
1155 3428 1329 3490 altitudines

269 3537 420 3597 montium
440 3538 534 3620 ipsius
554 3553 634 3602 suut.
677 3541 831 3623 Quoniam
851 3542 945 3624 ipsius
965 3549 1124 3614 estuare,
1146 3546 1207 3597 etc.

613 3725 1004 3813 rimans

355 3915 386 3969 t.
426 3902 463 3964 a
484 3891 742 3966 suousuuus
762 3906 794 3964 u
812 3901 922 3965 Psatm.
946 3912 997 3970 as.
1025 3899 1058 3960 in·
1078 3917 1114 3960 ea
1133 3874 1267 3958 versat·
1290 3891 1332 3954 nt

267 3979 393 4046 adorate
410 3987 576 4048 scabellum
592 3989 706 4071 pedum
730 3990 807 4068 ejus,
827 3987 969 4068 quomam
989 3993 1125 4045 sanctum
1144 3992 1199 4043 est.
1243 3975 1331 4055 Quid

264 4062 410 4129 babemus
434 4071 585 4146 adorare?
632 4073 806 4133 Scabellum
831 4057 944 4154 peddm
973 4071 1049 4151 ejus.
1077 4065 1329 4149 ,suppedaneum

263 4149 375 4212 dicitur
407 4154 581 4216 scabellum.
625 4152 721 4232 Quod
746 4156 852 4216 dicunt
873 4155 983 4216 Graeci
1003 4145 1159 4224 incurios,
1186 4148 1329 4209 dixerunt

261 4232 360 4298 Latini
376 4237 566 4302 scabellum:
589 4251 621 4301 et
637 4239 691 4302 alii
701 4241 843 4304 dixerunt
854 4237 1090 4325 suppedaneum
1120 4231 1194 4295 ‘Sed
1211 4226 1323 4307 videti,
