2782 4786
270 338 903 452 conmanere-oms.
1068 344 1120 413 aa

62 555 189 612 mento
211 534 380 635 scripsit:
431 531 528 604 Caro
553 526 720 625 ungitur,
752 543 794 597 ut
824 526 947 597 anime
988 550 1021 589 .·

56 674 300 735 consecretur
310 662 328 729 ι’
370 655 465 728 Caro
492 652 677 750 signatur,
701 664 804 721 utet
827 649 947 719 anima

58 784 270 856 muniatur:
304 779 397 851 Garo
412 801 595 849 manuum
619 769 857 872 impositione
882 769 945 843 ad·

61 903 263 994 umbratur,
280 920 333 974 >ut
349 901 472 973 anime
495 897 637 998 Spiritu
661 894 898 980 illuminetur.
944 948 947 955 .

155 1029 200 1098 D,
250 1026 370 1114 Unde,
402 1025 466 1121 qui
491 1047 638 1094 sacrum
669 1016 837 1092 Chrisme
859 1013 948 1115 reji·
968 1032 1293 1137 {imp-officum·

971 1134 1073 1176 (lvi-illus
1098 1141 1137 1174 uta
1182 1148 1207 1176 ι.
1241 1135 1294 1175 nil.

64 1150 182 1241 ciunt,
207 1175 381 1248 magnum
417 1145 473 1217 illi
496 1142 705 1242 imperitiae
732 1163 821 1210 suae
843 1164 947 1235 argu·
970 1186 1063 1227 „m
1084 1150 1224 1236 ,mmm
1250 1184 1295 1236 0„

903 1261 912 1277 ι
971 1240 1014 1273 ιιι.
1034 1241 1077 1274 etc.
1108 1235 1196 1273 Coneil.
1216 1235 1294 1273 Roma.

62 1269 224 1346 mentum
247 1271 442 1371 praebent,
468 1267 594 1362 utqui
620 1278 746 1362 aperte
772 1260 950 1355 antiquis·
975 1283 1297 1374 2³⁶0,⁸„{‡1,⁰·‘·¹¹“¹²·³⁰‘

1094 1341 1108 1389 ς
1123 1339 1142 1372 1·
1151 1331 1216 1372 tole.
1226 1343 1246 1376 ι.
1254 1330 1297 1373 Va·

64 1396 192 1468 simam
213 1411 251 1466 et
267 1390 550 1478 vetustissimam
570 1385 836 1485 Apostolorum
850 1383 955 1454 insti·
977 1392 1053 1422 W·
1065 1376 1165 1421 TW·

66 1516 250 1587 tutionem
269 1529 419 1608 negent,
445 1536 486 1582 ec
510 1488 732 1608 perpetuum
763 1505 957 1578 Ecclesiae

63 1661 175 1710 usum
201 1658 247 1705 ac
271 1632 509 1705 traditionem
535 1649 673 1705 temere
699 1631 883 1704 damnent.

419 1780 793 1917 PJATRES.

32 2106 36 2113 ,
153 2046 180 2100 1.
223 2031 259 2092 A.
280 2032 408 2093 Basilius
429 2035 471 2095 Μ.
491 2036 524 2095 in
543 2034 577 2095 L.
601 2032 837 2116 deSpirit.s.c.
857 2042 923 2099 nte
964 2029 1134 2089 Consecra-

67 2136 136 2177 mus
157 2137 266 2199 aquam
287 2118 475 2199 baptismatis
496 2131 526 2180 et
547 2118 649 2180 oleum
670 2117 825 2176 unctionis
846 2127 901 2176 etc.
924 2127 1071 2196 utsupra
1095 2109 1135 2170 d'e

66 2198 228 2284 praeceptis
251 2202 403 2276 Ecclesia),
427 2205 592 2285 questione
611 2201 755 2276 secunda,
777 2197 812 2258 A.
834 2211 866 2265 2.

150 2298 180 2351 2·
224 2285 413 2346 CLEMENS
440 2287 577 2369 pontifex
598 2284 727 2366 epistola
759 2294 869 2362 quarta
896 2280 934 2340 ad
967 2278 1080 2338 lulium
1107 2287 1138 2335 ct

63 2365 222 2431 Iulianum
244 2368 412 2452 dssscipulos
430 2391 511 2446 suos,
536 2383 572 2430 ut
593 2369 675 2428 infra
697 2367 863 2447 questione
884 2366 997 2446 quinte.
1020 2361 1056 2425 A.
1068 2367 1098 2420 5.
1159 2411 1162 2417 .

152 2476 187 2543 ’3.
227 2475 451 2536 DIONYSIUS
473 2473 588 2557 llreop.
608 2476 642 2534 L.
664 2473 703 2532 de
725 2472 797 2531 eccl.
818 2472 901 2531 Hier.
923 2490 948 2531 c.
971 2481 1016 2534 n:
1060 2453 1309 2547 Sed-fgffl'jh,

66 2559 149 2618 enim
172 2557 231 2619 alia
252 2571 297 2618 est
317 2559 415 2640 hujus
436 2557 567 2617 finitima
594 2556 765 2617 veneranda
798 2555 951 2615 confectio
971 2548 1311 2648 unguentimpeelrte·

67 2645 329 2702 consecrationem
351 2665 416 2702 eam
437 2653 549 2701 vocant
574 2653 777 2724 praeceptores
807 2640 915 2700 nostri.
956 2637 1058 2715 liujus
1079 2616 1228 2692 ita-“¹¹''
1282 2650 1286 2657 ·

64 2744 128 2806 qne
150 2740 252 2806 partes
272 2740 331 2787 etc.
373 2727 495 2785 Deinde
517 2725 627 2786 docens
662 2727 838 2799 mysterium
859 2720 1059 2785 confectionis
1081 2737 1141 2776 un-

65 2811 197 2892 guenti,
225 2811 315 2868 Juxta
336 2810 465 2869 eundem
496 2812 614 2891 (inquit)
647 2812 764 2884 synaxis
794 2811 920 2869 modum
945 2825 1060 2878 eorum,
1088 2800 1142 2882 qui

64 2893 205 2952 necdum
230 2894 340 2950 initiati
370 2906 450 2968 sunt,
472 2893 672 2953 absolvuntur
692 2894 829 2970 ordines,
850 2893 906 2953 ubi
927 2891 1042 2953 scilicet
1061 2906 1143 2968 prae-

66 2978 165 3036 cessit
205 2959 364 3036 Pontificis
401 2980 516 3038 circum
548 2998 666 3038 omnem
697 2977 790 3060 pbani
825 2976 972 3037 ambitum
1004 2969 1143 3030 redolens

66 3058 167 3118 thure
188 3058 351 3140 profectio,
380 3062 629 3144 psalmorumque
649 3063 827 3136 modulatio,
851 3072 880 3120 et
901 3059 990 3118 lectio
1013 3056 1144 3134 scriptu-

66 3162 178 3204 rarum
207 3141 384 3202 divinarum.
449 3147 611 3229 Sumptum
642 3145 751 3205 deinde
790 3156 977 3226 unguentum
1012 3135 1156 3219 pontilex'

69 3227 170 3289 sacris
193 3228 322 3308 imponit
344 3227 499 3306 altaribus,
523 3231 686 3290 duodecim
714 3230 806 3288 sacris
829 3227 884 3286 alis
909 3227 1146 3292 circumtectum,

74 3311 293 3371 resonantibus
316 3313 454 3371 omnibus
476 3335 551 3374 voce
572 3314 759 3373 sanctissima
788 3311 885 3371 melos
907 3327 1036 3381 sacrum,
1065 3299 1149 3382 quod

73 3394 221 3455 divinitus
244 3397 336 3455 afflati
359 3396 516 3477 prophetae
539 3397 721 3457 didicerunt.
765 3393 984 3476 Completaque
1008 3389 1147 3449 oratione

72 3476 225 3561 supereo
248 3480 366 3540 solenni
390 3483 420 3539 in
442 3483 632 3540 sanctissimis
657 3501 773 3556 corum,
795 3499 860 3560 quae
879 3487 1049 3546 sacrantur,
1070 3488 1147 3529 con·

74 3564 338 3635 summationibus,
361 3574 397 3624 e'o
421 3567 519 3624 utitur
540 3565 579 3623 ad
601 3585 719 3624 omnem
741 3565 835 3623 l'erme
857 3558 1052 3622 sacerdotalis
1075 3552 1148 3619 olli·¹
1173 3560 1176 3567 '

75 3645 118 3707 cii
143 3647 336 3707 functionem.
380 3648 422 3707 Et
441 3648 533 3731 paulo
554 3660 624 3729 post
634 3672 651 3706 e·
685 3649 742 3708 Est
763 3650 874 3731 igitur,
896 3657 933 3704 ut
957 3643 1034 3718 dixi,
1058 3636 1319 3721 quodcumqae·
1357 3677 1363 3688 ·

74 3750 161 3790 nunc
181 3730 324 3791 laudatur
347 3754 365 3792 a
386 3732 477 3793 nobis
499 3745 718 3792 sacrosanctum
739 3732 916 3806 mysterium
937 3729 1004 3808 ejus
1026 3723 1141 3785 ordinis
1153 3696 1289 3787 iiiii&

75 3825 172 3894 atquc
192 3819 323 3890 virtutis,
345 3828 381 3876 ut
402 3816 602 3877 sacerdotalia
623 3827 731 3874 cuncta
751 3811 900 3898 perficiat.
942 3809 1044 3891 Atque
1072 3805 1141 3865 ideo
1153 3791 1280 3882 ξξζζξῗξξζῗ

76 3899 176 3956 sanni
199 3911 403 3983 praeceptores
431 3904 528 3961 nostri
558 3899 641 3959 istud
663 3899 747 3982 quasi
773 3898 883 3978 aequali
914 3892 1022 3956 ordine
1053 3904 1143 3971 atque
1155 3886 1294 3982 ffggfffl:

74 3980 179 4041 officio
200 4002 288 4042 sacro
311 4002 455 4057 synaxeos
480 3986 667 4046 coniunxere
690 3983 855 4058 mysterio,
874 3981 984 4041 eisdem
1006 3974 1145 4058 imagini·
1294 3965 1302 3981 ’

78 4061 139 4126 bus
162 4077 200 4125 ut
219 4065 387 4148 plurimum
401 4081 431 4129 et
447 4067 696 4129 distinctionibus
716 4067 860 4143 mysticis,
883 4077 912 4125 et
924 4062 1051 4144 eloquiis
1072 4055 1148 4119 sub·
1235 4129 1241 4140 ι

80 4148 185 4208 nuum
205 4151 307 4210 sacris.
349 4150 485 4218 Ibidemt
507 4155 644 4214 Dicimus
669 4153 762 4236 igitur
783 4149 931 4235 unguenti
950 4134 1323 4234 compositio-{2¹3⁰,ffim'

78 4249 149 4295 nem
168 4233 381 4297 collectionem
401 4255 466 4299 esse
494 4237 656 4322 quamdam
675 4237 857 4320 spirantium
888 4233 1023 4294 suaviter
1053 4225 1282 4297 marc-anguem·
