2790 4792
232 346 313 423 406
461 341 542 412 ΒΕ
582 342 1053 419 SACRAMMTO

322 538 351 598 1.
393 527 430 591 Ε.
472 520 695 593 DIONYSIUS
718 528 901 615 Areopagita
939 528 1026 591 libro
1046 525 1097 591 de
1110 523 1318 595 'ecclesiastica

62 629 213 695 Ιοὰιιςοιι.
237 609 425 690 hierarchia,
453 632 519 697 cap.
548 626 596 680 5.=
625 612 755 677 Praesul
789 617 882 701 igitur
902 613 958 674 ubi
981 611 1177 675 sacrandus
1200 612 1314 686 offertur,

62 682 372 789 gssffffigmtroque
396 692 477 782 genu
498 699 602 780 posito
625 711 694 759 ante
717 697 827 775 altare,
849 718 945 782 supra
966 708 1077 780 caput
1104 695 1216 758 habet
1238 697 1310 757 allec

64 778 135 873 πώ
147 784 221 869 2¹2²,
238 782 351 843 tradita
371 781 551 864 Erangelia,
573 781 949 866 manumquc''pontificis:
971 794 1079 862 atque
1110 780 1184 843 hoc
1201 780 1312 842 modos

62 828 219 997 Qu·
240 878 435 927 consecrante
460 863 607 947 pontifice
625 869 798 927 castissimis
820 864 1115 950 imprecationibus
1141 886 1317 926 consumma-

177 938 303 1016 '¹''tun
346 948 495 1011 Sacerdos
518 971 593 1011 vero
617 971 721 1011 coram
743 962 849 1012 sancto
871 949 987 1027 altari,
1009 970 1149 1033 ponens
1173 963 1320 1032 utrumqne

260 1055 343 1112 eun,
365 1035 398 1101 in
421 1033 631 1117 capitehabet
651 1031 808 1118 pontificis
829 1035 1010 1110 dexteram,
1035 1047 1072 1094 et
1100 1037 1138 1095 in
1165 1033 1253 1096 bunc
1268 1055 1321 1095 mo·

239 1055 315 1182 dum
353 1138 372 1180 a
394 1116 540 1181 'curante
557 1118 695 1201 praesule
713 1120 909 1178 sanctissimis
929 1119 1208 1181 invocationibus
1236 1140 1323 1181 conse·

240 1215 356 1267 cratur-
399 1198 442 1262 At
461 1222 536 1263 vero
559 1205 696 1262 minister
717 1200 811 1263 altero
831 1214 953 1262 tantum
977 1222 1102 1263 coram
1127 1207 1248 1265 sanctis
1264 1203 1323 1264 elta-

240 1274 330 1350 rihue'
340 1287 453 1383 posito
473 1306 568 1370 genu,
590 1291 735 1349 sacrantis
754 1307 786 1346 se
829 1284 966 1346 ontificis
1000 1284 1177 1348 dexteram
1203 1293 1236 1349 in
1257 1288 1325 1371 capi-

240 1382 272 1434 te
295 1368 448 1456 praefert,
483 1380 574 1453 atque
610 1369 648 1432 ab
681 1389 719 1430 eo
737 1307 897 1451 periibitur
923 1372 1191 1451 precationibus
1212 1372 1252 1433 ad
1276 1392 1326 1432 ean
1363 1422 1366 1427 .

241 1474 307 1518 rem
339 1454 583 1537 accommodetis.
637 1450 774 1514 Cuilibet
793 1466 893 1515 antem
908 1456 1059 1535 ipsorum
1083 1476 1106 1529 a
1136 1457 1327 1518 benedicente

240 1537 389 1625 pontifice
423 1540 521 1600 crucis
547 1539 735 1623 imprimitur
757 1540 896 1621 signum,
930 1550 961 1599 et
991 1559 1056 1620 per
1081 1541 1233 1625 singulos
1253 1559 1327 1601 sacra

240 1623 429 1706 praedicatio
449 1625 590 1702 nominis,
611 1642 884 1702 consummansque
902 1621 1127 1685 consalutatio
1148 1623 1197 1703 fit,
1219 1625 1327 1686 cunctis

241 1708 321 1768 sacri
353 1706 469 1768 ordinis
504 1709 576 1768 viris
588 1751 599 1784 ,
632 1710 762 1790 ipsoque
796 1716 952 1766 sacratore
978 1706 1146 1788 pontifice
1167 1731 1237 1770 eum
1255 1708 1329 1770 saln-

241 1790 399 1866 tantibus,
433 1793 487 1873 qni
511 1791 550 1851 ad
572 1791 704 1873 aliquem
729 1810 884 1851 sacrorum
904 1788 1005 1872 (quos
1022 1789 1181 1873 diximus)
1195 1793 1329 1855 ordinum

242 1893 278 1936 ea
308 1874 405 1934 luerit
425 1876 658 1935 consecratione
679 1887 849 1957 promotus.

327 1969 356 2021 2.
397 1955 507 2015 IDEM
528 1959 615 2039 epist.
638 1970 667 2022 8.
690 1959 731 2017 ed
748 1954 969 2040 Demophilum
982 1958 1197 2021 monachume
1218 1960 1326 2041 Neque

242 2035 322 2099 enim
346 2048 448 2097 sancta
484 2050 660 2097 sanctorum
682 2041 861 2121 simpliciter
892 2041 1041 2102 omnibns
1059 2055 1131 2102 sunt
1149 2045 1326 2105 inaccessae

240 2139 346 2182 verum
378 2119 427 2180 his
464 2123 695 2205 appropinquat
730 2126 825 2206 magis
842 2123 1027 2205 pontificum
1045 2144 1129 2184 sacra
1146 2124 1318 2198 distinctio,

68 2205 175 2308 ‘’1³⁴¹'ssssss
183 2219 220 2305 ’ᾗ
242 2204 353 2268 deiude
372 2203 679 2284 sacerdotumordo,
705 2228 784 2288 qnos
813 2207 960 2285 deinceps
975 2222 1019 2290 *et
1039 2209 1243 2268 ministrorum
1259 2226 1312 2264 se-

68 2273 118 2308 m
167 2273 189 2305 ²⁶
243 2291 349 2377 quitur
375 2291 496 2375 gradus.
537 2290 639 2351 Porro
662 2293 716 2369 iis,
736 2293 793 2373 qui
808 2291 947 2365 ¹cultores
965 2306 1043 2354 suut
1060 2293 1209 2366 ordinati,
1236 2289 1309 2364 ady-

243 2389 350 2439 torum
374 2388 484 2461 portae
520 2387 692 2460 segregatae
715 2388 807 2454 sunt,
839 2377 927 2457 juxta
946 2398 1027 2458 quas
1054 2389 1084 2438 et
1112 2378 1269 2438 initiantur
1286 2383 1319 2432 et

245 2459 384 2538 adstant,
418 2481 482 2522 non
515 2460 555 2520 ad
577 2460 762 2537 custodiam,
790 2461 846 2521 sed
870 2471 906 2518 ut
924 2461 1071 2524 ordinem
1109 2468 1324 2546 recognoscant

243 2548 351 2620 snum,
368 2558 503 2627 suntque
523 2545 582 2629 ipsi
598 2544 719 2628 populo
736 2545 992 2628 propinquiores,
1017 2567 1117 2629 quam
1136 2538 1177 2622 hi,
1198 2546 1251 2626 qui
1271 2563 1322 2603 sa·

224 2648 298 2689 cra
320 2627 550 2704 administrant,
590 2641 620 2688 et
642 2649 734 2710 qnam
758 2629 892 2712 populns
923 2629 998 2710 ipsis
1031 2653 1167 2714 quoque
1186 2627 1325 2690 sacerdo·

243 2711 331 2785 tibus
368 2714 461 2796 magis
498 2710 686 2773 accedentes.
733 2714 821 2773 Unde
850 2725 880 2773 et
896 2731 1060 2775 sacrorum
1080 2729 1208 2778 sanctus
1233 2711 1324 2789 ordo,

139 2786 162 2811 ''
247 2813 394 2877 sacerque
423 2796 629 2878 principatus,
668 2815 720 2856 eos
743 2797 846 2858 divina
878 2797 1040 2878 percipere
1063 2820 1160 2862 sacre
1183 2799 1324 2860 instituite

249 2877 315 2938 aliis
348 2876 491 2958 quidem,
527 2881 581 2960 qui
606 2880 687 2940 intra
719 2880 882 2958 adytornm
914 2879 1015 2939 valvas
1047 2897 1150 2962 sunt,
1172 2902 1339 2945 sacrorum¹

248 2962 540 3027 administrat'mnem
563 2966 744 3024 concedens.
786 2965 863 3031 Nam
881 2963 934 3034 ht,
958 2966 1013 3043 qui
1036 2967 1188 3030 divinum
1210 2977 1259 3044 (ut
1278 2987 1323 3026 ex*

159 3076 162 3081 ·
246 3047 381 3133 pressius
397 3046 543 3126 dixerim)
556 3046 882 3123 altare‘circnmstant,
906 3047 1007 3107 divina
1029 3050 1215 3130 intuentur,
1239 3064 1322 3132 atque

250 3131 381 3192 audiunt
413 3143 516 3216 aperte
552 3132 611 3195 sibi
636 3131 787 3192 revelata:
817 3131 1089 3215 procedentesque
1110 3137 1321 3222 benignissime

249 3212 292 3275 ad
324 3216 474 3291 extqsipra
500 3235 657 3276 sacrorum
682 3215 879 3293 velaminum,
912 3212 1064 3295 subjectis
1089 3221 1273 3284 cultoribus
1294 3227 1320 3279 et

250 3316 339 3359 sacro
360 3300 496 3381 populo,
523 3313 554 3360 et
573 3303 631 3376 iis,
660 3301 714 3381 qui
734 3314 907 3384 purgentur
924 3298 1122 3384 ordinibus,
1154 3327 1244 3370 sacra
1261 3324 1318 3381 ny·

251 3383 343 3455 steria
362 3402 420 3465 pro
441 3384 557 3442 meritis
579 3383 726 3466 pandunt.
1392 3448 1395 3470 Ι

336 3479 366 3533 5.
407 3463 646 3551 ιᾼΝΑΟΙΕΤΙΕ
686 3467 827 3549 pontifex
855 3480 886 3528 et
920 3476 1038 3542 martyr
1073 3473 1219 3554 epistola
1234 3488 1262 3542 2.
1283 3466 1315 3531 ad

253 3570 355 3609 omnes
378 3548 548 3634 Episcopos
569 3571 604 3610 ac
631 3549 690 3612 reli
735 3571 769 3612 os
798 3551 911 3612 Christi
936 3551 1142 3629 sacerdotes,
1169 3553 1315 3621 scribitde
1390 3564 1395 3594 ²

252 3631 401 3715 bipartito
422 3635 529 3695 ordine
551 3572 764 3711 sacerdotffl:
786 3635 824 3696 de
846 3636 1038 3696 ordinatione
1055 3649 1088 3699 et
1100 3644 1311 3706 constitutione
1392 3695 1395 3717 1

252 3714 476 3800 Episcopornm
504 3737 540 3778 ac
564 3718 838 3795 Presbyterornm:
868 3719 906 3780 de
928 3718 1123 3785 discretione
1151 3729 1307 3815 Episcopo·

252 3816 320 3858 mm
353 3813 383 3861 et
404 3805 578 3878 civitatum,
615 3823 693 3885 quae
719 3802 825 3889 eliqua
859 3815 1007 3887 exparte
1032 3825 1139 3892 supra
1183 3818 1304 3878 auocata

253 3894 343 3958 sunt,
369 3899 483 3966 quaest.
504 3887 588 3955 2.(1.
699 3952 704 3962 ,

333 3977 362 4032 l·
404 3970 597 4034 IGNATIUS
624 3972 658 4034 in
683 3971 810 4058 epistola
833 3930 1139 4073 addatiooltenos,
1172 3994 1315 4070 utsupra

252 4057 364 4123 quaest.
387 4063 437 4128 4.,
459 4057 497 4121 Α,
524 4069 555 4128 4,
