2790 4792
239 322 317 395 ρα
480 306 1067 377 uusacaauuuro

242 505 353 601 cipite
383 502 558 596 spiritum
589 505 778 568 sanctum.
835 498 883 567 Et
916 494 1006 594 quia
1044 514 1141 567 tere
1182 493 1237 569 ad
1268 496 1314 599 jas

241 624 545 705 Ecclesiasticum
580 610 762 718 pertinet,
786 618 910 695 statim
947 614 1143 716 subjecit,
1180 617 1311 697 dicent:

238 755 358 854 'Cujus
381 746 573 823 tenueritis
598 763 762 846 peccata,
787 747 1036 818 tenebuntur:
1061 761 1106 817 et
1132 746 1250 847 cujus
1265 771 1305 819 re·

242 873 440 957 miseritis,
464 868 698 942 remittentur
732 867 788 961 ei..
837 865 1040 967 Inspiratio
1095 880 1197 969 ergo
1243 872 1310 945 haec

243 1002 362 1103 gratia
385 993 566 1095 quaedam
598 1009 674 1081 est,
702 1016 799 1090 quae
823 1015 894 1093 per
915 990 1170 1065 traditionem
1212 993 1312 1067 iniun-

245 1127 344 1199 ditur
370 1116 573 1200 Ordinatis,
598 1140 669 1216 per
694 1136 806 1213 quam
832 1104 1184 1191 commendatiores
1220 1119 1313 1193 habe

73 1273 234 1328 sermea·
245 1266 364 1325 antur.
415 1240 526 1316 Unde
559 1237 763 1339 Apostolus
799 1238 891 1311 dicit
929 1238 978 1335 ad
1015 1239 1289 1315 Timotheum
1305 1243 1323 1325 ⁸,

244 1371 333 1449 Noli
357 1364 559 1467 negligere
573 1363 741 1461 gratiam,
768 1388 863 1461 quae
891 1362 1010 1465 estin
1036 1379 1090 1455 te,
1121 1391 1228 1464 quae
1254 1366 1318 1441 data

246 1514 304 1572 est
333 1494 403 1569 tibi
441 1514 509 1590 per
548 1486 823 1587 impositionem
870 1511 1049 1558 manuum
1101 1492 1319 1593 presbyterii⁴

245 1618 369 1692 Semel
395 1642 484 1714 ergo
510 1610 591 1686 fieri
616 1610 793 1712 oportuit,
820 1627 862 1683 ut
888 1609 935 1683 de
961 1630 1121 1688 caetero
1161 1618 1321 1693 Traditio

244 1743 318 1816 ista
341 1766 419 1814 non
444 1738 525 1811 sine
551 1735 652 1809 douo
680 1734 842 1834 Spiritus
874 1735 997 1808 saneti
1033 1762 1124 1812 esee
1162 1742 1323 1817 credere·

242 1883 315 1940 tur.
364 1865 565 1957 Hucusque
588 1860 827 1957 Augustinus·
1315 1928 1319 1935 ,

346 1986 388 2054 Β.
438 1984 592 2052 Exstant
616 1997 654 2051 et
678 1981 947 2078 Apostolorum
974 1981 1160 2066 Canones,
1178 1988 1221 2060 in
1247 1989 1328 2087 qui·

76 2105 318 2195 uetaretthus
342 2105 419 2179 hoc
436 2101 555 2197 modo
592 2101 611 2146 ⁴
635 2104 839 2203 statuitur:
891 2104 1097 2204 Episcopus
1120 2132 1143 2177 a
1169 2108 1325 2184 duobus

225 2247 313 2321 -aut
335 2227 456 2321 tribus
480 2224 680 2329 Episcopis
706 2225 924 2298 ordinetur:
949 2227 1139 2327 Presbyter
1165 2228 1212 2301 ab
1234 2254 1314 2315 uuo

251 2336 441 2457 Episcopo
467 2334 678 2424 ordinetur:
706 2349 757 2420 ita
772 2349 963 2423 Diaconus
992 2368 1027 2447 et
1049 2351 1184 2451 reliqui
1208 2338 1321 2426 Clari.

77 2484 219 2542 acm!
253 2484 349 2551 Tum
374 2478 389 2524 ⁵
415 2476 535 2548 infra:
584 2473 626 2546 si
650 2472 733 2571 quis
760 2472 997 2572 Episcopus,
1023 2495 1087 2549 aut
1109 2475 1325 2576 Presbyter,

78 2630 226 2682 Vidsinsig·
254 2618 317 2676 aut
341 2603 544 2684 Diaconus,
573 2614 635 2669 aut
658 2595 963 2696 Hypodiaconus,
989 2617 1054 2670 aut
1078 2603 1238 2682 Lector,
1265 2616 1327 2671 aut

77 2690 241 2832 3ῗῖξῖἒῖξῖἶέξῖ
254 2725 392 2797 Cantor
427 2744 572 2794 sacram
612 2719 942 2818 Quadragesimam
976 2748 1056 2794 non
1095 2724 1325 2812 ieiunaverit,

89 2832 147 2872 '¹²³'
252 2859 419 2945 quartam
444 2841 587 2930 feriam,
615 2858 678 2913 aut
701 2868 939 2940 parasceven,
965 2844 1083 2942 (hanc
1109 2862 1251 2919 sertam
1273 2845 1325 2919 le·

251 2969 344 3041 riam
363 2991 463 3039 nunc
486 2961 661 3058 dicimus)
686 2964 828 3040 Ordine
848 2984 1028 3059 novator,
1056 2971 1134 3044 nisi
1158 2970 1255 3046 forte
1274 2971 1324 3042 in·

251 3091 402 3164 firmitas
431 3088 601 3189 eorporis
627 3087 817 3186 impediat.

75 3218 245 3317 {lgtcggiffil
354 3214 396 3289 C.
446 3211 560 3312 Cajus
584 3203 603 3255 ⁰
626 3234 717 3282 vero
756 3230 841 3288 ante
866 3239 984 3288 annos
1017 3214 1166 3291 MCCC.
1206 3214 1323 3290 Ponti.

76 3325 315 3415 tlrlttttllfex
339 3353 376 3409 et
398 3338 539 3434 Martyr
564 3333 731 3429 illustris,
757 3336 826 3408 hos
853 3336 955 3437 ipsos
983 3337 1119 3436 gradus
1156 3358 1197 3414 et
1221 3337 1321 3415 Ordi-

75 3418 205 3524 lilim
251 3485 320 3535 nes
345 3457 534 3559 sigillatim
558 3474 740 3549 recenset,
769 3484 883 3558 quum
907 3460 979 3532 ait:
1032 3460 1077 3534 Si
1110 3464 1201 3560 quis
1223 3463 1319 3562 Epis·

251 3608 370 3685 copus
396 3606 478 3655 esse
498 3581 695 3672 meruerit,
719 3586 842 3685 primo
862 3582 1060 3668 ostiarius,
1088 3583 1233 3660 deinde
1245 3591 1318 3659 Lec-
1356 3590 1358 3601 '

250 3724 331 3792 tor,
363 3723 451 3808 post
484 3704 717 3796 Exoreista,''
739 3702 874 3781 deinde
914 3723 1084 3780 sacretur
1121 3711 1314 3812 acolytm

251 3830 389 3906 dehine
426 3853 515 3902 vero
557 3826 835 3914 subdiaconus,
871 3830 1093 3920 Diaconus,
1131 3853 1177 3907 et
1202 3846 1312 3939 postea

250 3947 469 4057 presbyter:
503 3949 653 4042 exinde,
691 3952 725 4026 si
756 3969 939 4040 meretur,
970 3954 1195 4057 Episcopus
1234 3951 1319 4033 ordi·

233 4094 369 4173 uetur.

158 4180 163 4191 ’
353 4200 400 4273 Ι).
459 4198 602 4274 Laudat
642 4197 756 4300 igitur
798 4196 1070 4299 'Ennianus
1112 4204 1324 4283 Cornelium
