2790 4792
248 225 325 299 ite
493 219 573 284 oa
619 176 1080 286 sacaauau'r‘o

194 386 201 397 ’
248 406 344 484 Quod
364 427 401 468 os
417 405 564 489 loquitur,
583 424 666 466 mens
681 404 799 466 interna
817 404 969 469 fateatur:
991 401 1079 490 qnod
1097 426 1199 470 sermo
1214 420 1317 493 sonat,
1345 442 1348 447 ·

247 492 374 555 allectus
395 493 513 551 sentiat.

332 591 363 644 2.
405 575 513 635 IDEM
534 574 576 633 t.
598 571 652 633 IV.
682 571 723 633 de
740 572 960 653 Sacramentis,
987 593 1054 659 eap.
1079 587 1126 654 1.,
1152 588 1318 664 utsupra,

251 663 428 745 quaestione
450 670 569 741 qua'tta,
590 656 625 716 Α.
649 670 697 724 11.
1313 694 1316 699 ,

332 758 362 812 3.
405 740 756 803 THEOPHYLACTUS
777 741 808 799 in
828 740 913 803 XIV·
935 742 1030 802 Mare.
1052 743 1130 805 etin
1144 743 1318 826 v1.Joan.,

251 843 410 911 utsupra,
433 829 611 908 quaestione
627 825 771 902 secunda,
793 825 827 884 B.
845 837 875 902 1.
901 838 932 886 et
947 838 976 893 5.

336 927 365 981 1.
409 909 646 972 GREGORIUS
666 908 820 985 Nyssenus
840 910 872 968 iu
891 929 1031 971 sermone
1061 909 1252 973 eateehetieo
1278 914 1315 975 de

251 999 501 1060 transmutatione
513 995 666 1054 Dominiei
690 995 828 1076 eorporis
853 1005 883 1053 et
904 996 1067 1077 sanguinis,
1091 997 1174 1075 apud
1195 997 1316 1073 Euthy-

252 1092 345 1142 mium
369 1083 399 1139 in
422 1079 579 1161 Panoplia,
601 1077 681 1137 titul.
698 1092 764 1145 21.:
809 1077 1030 1153 Quaerebatur,
1050 1081 1208 1160 quomodo
1225 1102 1316 1143 unum

253 1166 331 1226 illud
352 1163 513 1223 CHRISTI
548 1182 662 1244 eorpus
690 1164 824 1222 omnium
856 1161 1030 1236 hominum,
1063 1165 1093 1221 in
1131 1164 1244 1244 quibus
1273 1180 1315 1227 est
1342 1232 1345 1239 ,

252 1250 339 1324 fides,
361 1262 499 1308 naturam
521 1243 696 1321 viuifiearet,
719 1259 749 1306 et
769 1248 801 1305 in
823 1266 926 1306 omnes
948 1248 990 1307 ita
1012 1246 1261 1326 distribueretur,
1283 1262 1315 1310 ut

247 1334 363 1393 niallam
386 1332 624 1392 imminutionem
646 1332 770 1390 subiret.
811 1330 902 1390 Haud
923 1331 1033 1413 procul
1052 1331 1182 1391 sortasse
1205 1337 1314 1393 erimus

250 1419 290 1477 ab
307 1402 407 1497 'hujus
430 1418 474 1475 rei
496 1414 702 1497 intelligentia.
745 1414 822 1474 Nam
841 1435 929 1474 omne
951 1435 1062 1496 eorpus
1083 1418 1313 1478 exuutrimeuto

250 1501 396 1576 subsistit,
411 1506 449 1559 ‘et
470 1497 680 1576 confirmatur,
703 1499 787 1581 quod
809 1499 934 1581 quidem
954 1500 1172 1557 nutrimentum
1188 1521 1222 1559 ex
1246 1502 1312 1562 eibo

249 1596 369 1644 constat
389 1595 418 1644 et
437 1595 524 1665 potu.
569 1582 663 1641 Cibus
684 1595 783 1643 antem
806 1595 850 1642 est
868 1586 974 1665 panis,
1005 1595 1035 1643 et
1046 1595 1146 1664 potus
1169 1597 1216 1645 est
1238 1607 1312 1668 aqua

249 1671 322 1729 vino
344 1669 441 1741 mista.
482 1666 585 1726 Porro
607 1664 681 1725 DEI
709 1666 835 1726 verbum
856 1670 897 1728 ita
917 1678 1043 1726 naturae
1070 1665 1314 1731 humanae'con-
1336 1748 1339 1755 .

248 1755 389 1834 junctum
411 1762 466 1826 est,
489 1761 518 1809 et
540 1770 652 1832 eorpus
674 1763 812 1811 nostrum
842 1752 1020 1833 assumpsit,
1042 1764 1079 1810 ut
1100 1753 1168 1833 ejus
1190 1767 1314 1815 naturae

248 1858 309 1896 non
331 1835 419 1895 aliam
435 1854 544 1895 novam
561 1835 812 1894 constitutionem
833 1834 1004 1909 adhiberet,
1026 1835 1079 1894 sed
1100 1836 1198 1897 solitis
1220 1840 1314 1920 ipsum

248 1919 341 1981 rebus
363 1919 456 1978 aleret
479 1929 508 1977 et
521 1929 712 1994 sustentaret,
733 1939 840 2000 nempe
862 1918 933 1978 cibo
951 1932 981 1979 et
1000 1931 1087 2001 potu.
1131 1919 1226 1980 Cibus
1242 1942 1313 1983 vero

249 2018 315 2065 erat
334 2005 430 2086 panis,
453 2000 705 2083 quemadmodum
728 2013 758 2061 et
781 2015 894 2078 noster,
916 2005 1027 2083 ut·jam
1046 2003 1160 2062 dietum
1185 2017 1235 2076 est
1262 2006 1312 2065 Si-

248 2099 302 2152 eut
323 2099 431 2163 autem,
455 2087 508 2166 qui
529 2106 637 2168 panem
653 2085 745 2161 videt,
768 2087 995 2166 quodammodo
1017 2108 1132 2170 eorpus
1146 2089 1230 2149 videt
1251 2087 1313 2148 hu-

247 2194 378 2245 manum,
401 2172 543 2252 quoniam
564 2174 650 2253 panis
680 2173 711 2227 in
736 2191 868 2252 corpore
897 2173 1032 2248 existens,
1054 2193 1169 2254 eorpus
1200 2173 1313 2235 eredita

249 2260 291 2319 ita
310 2256 446 2315 divinum
467 2253 544 2313 illud
562 2273 671 2336 eorpus
695 2257 781 2335 panis
804 2257 1020 2316 nutrimentum
1042 2257 1213 2338 accipiens,
1235 2256 1333 2317 ideni·¹

248 2339 475 2423 quodammodo
498 2352 564 2399 erat
587 2360 655 2398 eum
680 2338 735 2398 illo
752 2338 833 2416 cibo,
854 2350 889 2398 ut
913 2341 1051 2416 diximus,
1073 2343 1103 2399 In
1140 2342 1209 2420 ejus
1243 2350 1314 2404 cori

247 2427 332 2507 poris
354 2438 492 2484 naturam
514 2425 679 2483 immutato.
723 2423 818 2499 Quod
839 2425 916 2483 enim
943 2427 1040 2483 earnis
1062 2425 1215 2504 cujusque
1236 2447 1314 2508 pro-

109 2508 238 2598 ὓξὲῆνθύο
248 2508 361 2590 prium,
384 2507 417 2565 id
439 2509 527 2565 etiam
548 2508 590 2565 illi
604 2509 777 2567 convenisse
802 2505 989 2568 eonfitemur.
1033 2506 1107 2567 Nam
1137 2519 1168 2567 et
1200 2530 1312 2592 eorpus

72 2568 149 2667 {illul
162 2568 239 2649 resiliit
250 2591 326 2649 illud
355 2609 433 2670 pane
455 2590 690 2649 sustentabatur.
734 2591 851 2675 Corpus
881 2605 979 2651 autem
1013 2606 1196 2675 propterea,
1229 2593 1312 2676 quod

71 2657 307 2748 a'ffitffssu'Dei
331 2672 463 2731 ¹verbum
485 2673 517 2729 in
550 2673 604 2733 illo
633 2673 792 2751 habitavit,
815 2677 946 2736 divinam
968 2675 1104 2737 obtinuit
1124 2677 1309 2759 dignitatem.

249 2755 457 2831 Quamobrem
478 2767 560 2814 reete
585 2758 772 2815 nuncetiam
796 2761 853 2817 Dei
876 2759 972 2821 verbo
1008 2759 1227 2820 sanctificatum
1255 2783 1311 2845 pa-

247 2863 315 2900 nem
337 2861 368 2898 ru
390 2841 448 2897 Dei
470 2838 555 2896 verbi
577 2859 688 2920 eorpus
713 2841 862 2902 eredimus
892 2846 1051 2905 immutari.
1095 2845 1216 2904 Etenim
1241 2866 1312 2906 eor-
1338 2872 1341 2880 ¹

202 2985 205 2987 ,
247 2946 309 3008 pus
322 2923 396 2983 illud
417 2923 502 3005 panis
529 2935 594 2980 erat
620 2925 766 3004 potentia,
788 2925 1006 2988 sanctificatum
1026 2940 1071 2987 est
1095 2941 1196 2988 autem
1219 2929 1310 2990 habi-

245 3011 360 3070 tatione
376 3006 484 3083 Verbi,
508 3005 594 3087 quod
618 3009 647 3064 in
670 3028 760 3066 carue
778 3007 935 3072 habitavit.
977 3014 1085 3093 Itaque
1100 3034 1160 3093 qua
1175 3033 1308 3075 excausa

246 3096 331 3179 panis
360 3094 448 3151 ineo
480 3108 610 3173 corpore
634 3104 765 3151 mutatus
788 3094 820 3152 in
846 3095 977 3157 divinam
1011 3099 1150 3155 virtutem
1182 3100 1307 3172 transiit,

246 3178 350 3238 eadem
378 3176 415 3236 de
440 3195 529 3234 eausa
550 3195 631 3235 nune
652 3178 738 3235 etiam
763 3176 843 3236 idem
864 3177 908 3239 lit.
951 3182 993 3240 Ut
1024 3183 1101 3239 enim
1129 3181 1192 3240 illio
1213 3182 1310 3244 Verbi·

244 3261 303 3322 Dei
325 3262 419 3343 gratia
446 3270 581 3320 sanetum
605 3259 705 3320 effecit
727 3260 803 3322 illud
826 3283 956 3347 eorpus,
977 3266 1066 3345 eujus
1084 3261 1307 3327 firmamentum

71 3357 222 3417 tuimur·
245 3367 278 3404 ex
300 3366 377 3428 paue
397 3344 564 3421 constabat,
586 3355 616 3402 et
635 3346 734 3426 ipsum
756 3348 844 3406 etiam
874 3349 1096 3429 quodammodo
1117 3353 1205 3432 panis
1228 3362 1305 3412 erata

67 3406 288 3500 ffissialllfvss‘sslsie
309 3431 398 3488 etiam
422 3426 473 3485 hie
505 3429 609 3508 panis,
633 3440 669 3488 ut
690 3431 732 3489 ait
751 3427 937 3512 Apostolus,
967 3453 1023 3514 per
1046 3432 1174 3493 verbum
1192 3437 1250 3494 Dei
1277 3445 1307 3496 et

67 3504 93 3545 Μ
111 3515 196 3555 ⁰⁰¹¹''¹⁸
245 3516 411 3571 orationem
424 3508 637 3588 sanctificatur,
657 3533 719 3573 uon
744 3517 815 3595 quia
833 3516 1011 3591 comeditur,
1033 3537 1071 3577 eo
1092 3519 1304 3602 progrediens,

66 3551 222 3640 {elidiatum
245 3607 280 3655 ut
298 3594 394 3655 Verbi
416 3614 526 3674 eorpus
547 3597 674 3674 evadat,
696 3596 749 3657 sed
780 3603 880 3660 statim
900 3621 955 3682 per
976 3600 1104 3659 verbum
1137 3604 1168 3660 in
1191 3620 1302 3686 eorpus

66 3649 154 3738 llllfl
156 3661 235 3692 nemu·
244 3692 390 3754 mutatur,
411 3690 447 3738 ut
466 3678 582 3738 dittum
616 3676 675 3758 est,
702 3687 857 3764 'quoniam
887 3683 948 3744 hoc
982 3695 1026 3744 est
1059 3705 1170 3768 eorpus
1198 3706 1302 3747 meum.

242 3762 402 3822 Caeterum
430 3782 498 3821 eum
517 3766 613 3823 omnis
638 3786 710 3825 caro
741 3770 829 3827 etiam
862 3788 920 3850 per
948 3766 1109 3828 humidum
1134 3776 1301 3848 nutriatur,

240 3848 437 3926 nequeenim
462 3849 526 3907 siue
548 3847 666 3909 humidi
677 3853 902 3931 conjunctione,
922 3852 1009 3931 quod
1033 3853 1064 3911 in
1085 3853 1176 3914 nobis
1200 3853 1303 3915 huml-

239 3929 314 3990 dum
331 3942 384 4005 est,
407 3931 438 3988 iu
468 3933 529 3992 vita
548 3943 650 4014 potest
672 3955 867 4016 permanere,
893 3935 1147 4015 quemadmodum
1174 3959 1232 4020 per
1252 3959 1303 3999 se-

234 4010 331 4073 lidum
361 4009 544 4094 firmumque
580 4017 681 4077 eibum
696 4019 835 4100 eorporis
857 4017 1039 4083 soliditatem
1074 4019 1310 4099 confirmamus„

233 4097 278 4159 tic
299 4098 389 4161 etiam
408 4095 568 4187 humidum
588 4121 622 4161 ex
643 4114 750 4163 natura
770 4102 861 4164 simili
890 4102 1090 4190 adaugemus,
1120 4125 1200 4189 quae
1229 4126 1298 4172 cum
