2790 4792
425 320 840 398 'BAPTISML-
1110 336 1158 404 αι

83 513 218 596 quidem
235 515 313 592 Dei,
333 511 528 575 ‚cohaeredes
545 523 648 573 autem
665 507 803 571 Christi:
828 512 855 572 si
879 524 977 576 tamen
1001 517 1156 597 compati-

86 641 178 697 mur,
206 632 296 683 utet
320 618 595 705 conglorificemur.
622 626 625 633 '
781 608 784 615 ¹

175 726 259 787 Gal.
290 729 360 793 IV.:
395 724 454 787 [lbi
484 727 569 787 venit
591 721 755 807 plenitudo
785 725 942 806 temporis,
964 726 1048 789 misit
1065 728 1150 790 Deus

81 830 185 895 filium
204 855 290 895 suum
315 822 428 905 sactum
452 856 487 895 ex
507 831 637 891 muliere
648 818 661 907 ,’
684 831 796 899 factum
819 829 886 889 subx
913 830 995 915 lege,
1020 847 1056 895 ut
1080 856 1149 912 eos,

82 961 137 1020 qur
159 941 297 1026 sublege
325 953 433 1017 erant,-
451 940 632 1012 redimeret,
657 944 693 996 'ut
711 938 906 1027 adoptionem
929 937 1064 999 liliorum
1096 962 1148 1001 re-

79 1048 259 1128 ciperemus.
303 1048 459 1124 Quoniam
481 1055 581 1105 eutem
601 1045 671 1102 estis
692 1041 751 1103 lilii
778 1045 854 1120 Dei,
878 1046 960 1103 misit
974 1046 1056 1107 Deus
1083 1049 1149 1128 spis

81 1152 172 1210 ritum
206 1150 262 1212 lilii
288 1138 345 1215 ‘sui
374 1156 407 1221 in
423 1150 538 1237 *eorda
566 1161 663 1208 vestra
689 1150 882 1217 clamantem:
913 1149 1019 1227 Abba,
1037 1164 1148 1233 'paten

75 1251 187 1341 ltaque
202 1261 266 1339 jam
280 1279 527 1331 non-esservus,
549 1255 602 1338 sqd
618 1252 713 1316 filius:
735 1244 824 1337 quod
843 1257 869 1315 si
884 1253 986 1330 lilius,
1005 1266 1034 1315 et
1055 1257 1150 1317 haeres

76 1378 132 1447 per
156 1367 268 1427 Deum.
324 1364 467 1423 Ibidem:
505 1361 567 1422 Nos
591 1373 689 1420 autem
717 1360 846 1452 fratres,
880 1361 1047 1420 seeundum
1066 1364 1151 1421 lsaac

74 1473 293 1553 promissionis
320 1467 379 1526 filii
408 1487 520 1526 sumus.
561 1467 667 1555 Itaque
686 1468 796 1527 lintres
815 1488 875 1527 non
896 1488 999 1527 sumus
1024 1467 1152 1528 anciliae
1210 1462 1216 1475 ¹

73 1560 150 1652 filii',
181 1574 238 1635 sed
260 1572 395 1633 liberae:
429 1593 489 1654 qua
507 1572 646 1636 libertate
664 1568 858 1637 CHRISTUS
875 1595 932 1633 nos
954 1573 1109 1635 liberavit

161 1679 332 1738 Prioris
361 1678 400 1738 ad
424 1679 599 1741 Corinthios
631 1693 749 1744 sexto:¹
770 1680 817 1740 An
840 1683 978 1757 nescitis,
1002 1683 1148 1766 quoniam

59 1782 220 1846 membra
245 1797 343 1844 vestra
368 1785 514 1873 templum
542 1798 612 1846 sunt
628 1788 763 1871 Spiritus
789 1789 899 1860 saneti,
927 1791 980 1871 qui
999 1793 1031 1851 in
1057 1788 1144 1849 vobis

72 1884 142 1967 est,
166 1913 256 1973 quern
281 1872 399 1951 hebetis
420 1893 531 1987 allec,
563 1906 669 1954 etnon
689 1896 760 1954 estis
785 1894 898 1954 vestri?

155 1995 218 2057 Ad
253 1997 375 2057 Galat.
393 1998 465 2069 ille,
517 2000 699 2084 Quicunque
733 2002 766 2061 iu
790 2000 965 2065 CHRISTO
995 1986 1141 2088 baptizati

76 2105 162 2180 estis,
184 2103 403 2169 CHRISTUM-
417 2104 567 2168 induistis.
652 2150 657 2161 ,

370 2295 374 2301 ’
419 2301 454 2403 ΡΙ
486 2301 514 2364 Α
553 2304 583 2366 T
622 2306 651 2367 R
690 2304 721 2365 E
763 2305 795 2367 S.

157 2468 186 2522 l·
220 2453 254 2515 B.
297 2456 505 2518 ORIGENES
539 2430 623 2519 hom.
657 2473 707 2526 12.
742 2462 772 2517 in
802 2458 907 2518 Num:
949 2454 1309 2560 Recordetnrnemorjqp-

73 2543 282 2620 unusquisque
312 2539 470 2616 fidelium,
501 2563 571 2601 eum
595 2544 729 2625 primum
746 2545 827 2602 venit
848 2543 887 2602 ad
906 2562 997 2623 aquas
1020 2528 1309 2623 baptis-{iffuflfflii}
1332 2603 1339 2611 ,

73 2628 134 2699 mi‚·
149 2644 220 2682 eum
242 2626 395 2707 signacula
416 2624 490 2683 fidei
522 2628 620 2706 prima
642 2629 789 2710 suscepit,
816 2638 845 2685 et
858 2626 897 2686 ad
919 2628 1032 2686 fontem
1054 2621 1285 2707 salu-”·Pf³⁸⁸⁰··

72 2711 145 2769 laris
165 2713 312 2783 accessit,
340 2709 455 2788 quibus
477 2709 520 2766 ibi
541 2721 614 2770 tunc
635 2732 708 2770 usus
735 2714 774 2771 sit
788 2711 905 2787 verbis,
928 2711 1055 2791 etquid
1079 2709 1135 2768 de·
1273 2780 1277 2785 ¹
1338 2746 1345 2773 ι

71 2793 260 2852 nuntiaverit
293 2791 441 2851 diabolo:
475 2813 535 2851 non
574 2815 606 2854 se
637 2817 763 2855 usurum
792 2799 911 2878 pompis
944 2796 1011 2876 ejus
1035 2815 1134 2875 neque

70 2876 221 2959 operibus
244 2877 333 2952 ejus,
365 2895 464 2955 neque
498 2877 566 2938 ullis
588 2883 713 2940 omnino
735 2884 863 2941 servitiis
887 2882 954 2961 ejus
971 2901 1005 2938 ae
1021 2879 1132 2961 volup·

70 2961 187 3021 tatibus
215 2959 397 3038 pariturum.

156 3057 188 3107 2.
232 3040 451 3101 DlONYSlUS
473 3042 654 3130 Areopagita
677 3069 701 3111 e.
725 3061 754 3116 7.
777 3044 1037 3107 εοοΙ.Ηὶεηιι·οΙι.τ
1057 3045 1134 3103 Cum

69 3126 215 3211 piissimis
240 3123 372 3185 ducibus
393 3130 500 3188 nostris
520 3131 550 3189 in
563 3145 692 3195 mentem
721 3137 873 3206 venisset,
896 3133 993 3187 visum
1013 3139 1059 3186 est
1078 3127 1135 3185 ad-

70 3216 192 3272 mittere
208 3208 338 3266 inl'antes
359 3207 418 3268 hoc
440 3213 546 3289 modo,
574 3227 611 3274 ut
631 3215 790 3275 ‘naturales
811 3214 909 3274 oblati
934 3210 1054 3293 purvuli
1077 3231 1136 3292 pa·

67 3309 183 3369 rentes,
206 3313 337 3375 puerum
359 3295 411 3351 uni
433 3316 466 3352 ex
488 3292 627 3358 fidelibus
648 3299 793 3374 tradant,
831 3294 989 3377 praeclaro
1015 3294 1134 3353 divina-

68 3402 137 3440 rum
155 3398 260 3437 rerum
280 3390 448 3460 magistro,
475 3380 532 3438 sub
554 3402 615 3461 quo
634 3385 697 3463 jam
714 3403 793 3467 puer
808 3383 863 3455 sit,
886 3382 972 3461 quasi
996 3379 1054 3438 sub
1074 3378 1133 3461 pa-

67 3478 115 3525 tre
139 3463 265 3537 divino,
290 3474 475 3542 sanctaeque·
496 3463 598 3523 salutis
627 3467 759 3525 alumno.
802 3465 893 3524 Hune
915 3467 1018 3544 itaque
1040 3483 1132 3544 prae-

67 3549 115 3608 sul
138 3547 358 3629 spondentem,¹
387 3567 519 3627 puerunt
540 3549 625 3627 juxta
645 3562 778 3610 sanctam
808 3548 1008 3607 educaturum
1031 3555 1131 3623 vitam,

67 3633 213 3714 requirit,
235 3640 271 3687 ut
288 3628 589 3689 abrenuntiationem·
600 3632 795 3713 profiteatur,
818 3630 971 3713 fidemque
986 3629 1133 3691 confitea-

68 3731 141 3791 tur,
178 3735 239 3773 non
257 3714 307 3793 (ut
327 3713 372 3771 illi
396 3715 530 3773 ridentes
552 3720 647 3793 aiunt)
667 3718 757 3776 alium
782 3717 921 3799 proelio
950 3712 1058 3775 imbuit
1080 3734 1130 3773 sa-

69 3804 137 3860 eris.
181 3798 288 3878 Neque
309 3799 384 3855 enim
403 3798 468 3858 boc·
487 3799 539 3857 illo
569 3801 628 3858 ait:
657 3801 722 3882 Ego
738 3821 918 3887 prolpuero
933 3797 1304 3888 abf⁰¹¹ussll³·f}¹gss‡0¹¹¹„ffr³,¹{'

69 3888 165 3945 tiones
199 3881 298 3955 facin,
327 3894 379 3941 aut
409 3880 482 3942 fidei
504 3896 691 3944 sacramenta
717 3882 879 3966 profiteor,
913 3884 966 3942 sed
989 3887 1030 3944 ita
1052 3897 1296 3967 puernummnnn

72 3968 224 4027 renuntiat
252 3976 282 4024 et
312 3964 499 4045 profitetur,
535 3969 567 4028 id
593 3981 654 4045 est,
676 3968 814 4050 spondeo
837 3988 969 4050 puerum¹
984 3948 1275 4048 ἰηάιιοῐιι-ξῖιῖιῖιὲἷῖι

75 4070 152 4128 rum,
188 4048 315 4110 eumad
337 4070 452 4112 sacram
466 4053 705 4136 intelligentiam
719 4054 849 4128 venerit,
873 4050 984 4113 sedulis
1012 4053 1131 4113 abhor-

71 4136 239 4196 tationibus
256 4135 347 4209 meis,
370 4147 405 4194 ut
424 4135 619 4198 abrenuntiet
632 4140 791 4197 contrariis
814 4141 956 4211 omnino,
985 4136 1132 4219 profitea-

70 4231 183 4302 turque
215 4230 246 4278 et
275 4230 402 4303 peragat
428 4220 549 4299 divina,
588 4242 667 4304 quae
694 4221 866 4307 pollicetur.
920 4220 1006 4285 Nihil
1037 4221 1133 4301 igitur
