2790 4792
388 299 530 385 ΜΤ
549 309 881 376 lisiaro-utu
1074 325 1156 393 485

74 501 157 576 rint,
177 507 233 561 aut
263 498 319 578 qui
350 496 543 568 sarcierint,
565 492 694 576 quando·
710 494 800 554 etiam
831 497 870 559 de
893 499 1051 584 discipulis
1081 498 1165 565 Sat:

69 586 201 647 ¹ratoris
225 580 344 663 aliquos
363 583 504 644 norimus
519 578 663 640 libertate
682 576 848 639 voluntatis
880 605 1009 668 aversos,
1033 607 1049 644 a
1065 599 1149 647 recto
1160 606 1186 666 .¹¹'
1196 581 1258 645 sou
1278 605 1327 658 ιαμ

82 669 253 729 aberrasse.
295 667 387 742 (lausa
410 667 528 750 igitur,
552 662 595 729 ob
626 681 717 744 quam
741 663 799 720 viri
823 671 917 727 suncti
941 673 1049 751 priscis
1071 653 1327 743 tem-’‘2¹22ffi2ss'ss2

82 752 216 837 poribus
239 750 433 834 magnorum
456 748 559 814 studio
584 745 699 806 liberos
720 748 924 828 susciperent,
947 753 1064 813 reddita
1087 753 1309 815 estz¹¹⁰¹²¹¹⁸⁵⁸¹¹i

85 857 167 917 quae
180 857 241 895 nou
261 834 386 916 amplius
406 836 436 893 iu
458 829 549 889 nobis
571 829 674 890 locum
686 829 802 891 babere
819 832 946 895 dicenda
964 847 1018 910 est,
1034 841 1155 922 quippe-

86 942 191 1001 quum,
213 921 279 979 Deo
305 920 434 989 favente,
453 934 512 995 per
534 914 745 998 Evangelicam
770 914 937 976 Salvatoris
953 922 1051 978 nostri
1073 921 1151 981 doc-

85 1007 204 1079 trinam,
223 999 453 1071 innumerabiles
473 1010 576 1081 gentes
601 1011 632 1061 et
653 999 805 1083 populos,
836 1003 868 1060 in
891 1000 1024 1061 urbibus
1051 1015 1082 1062 et
1102 1026 1152 1064 re·

82 1086 224 1170 gionibus
249 1101 282 1149 et
299 1087 377 1166 agris
405 1081 496 1143 liceat
513 1081 604 1143 nobis
630 1084 728 1144 oculis
749 1086 880 1161 intueri,
909 1086 1016 1146 eodem
1054 1088 1151 1148 animo

81 1174 256 1233 testinantes
273 1182 304 1229 et
324 1167 364 1227 ad
386 1178 486 1233 sancta
506 1167 708 1250 Evangelicae
729 1166 1060 1252 docuinaepraecepta
1075 1190 1152 1229 con·

80 1270 254 1315 currentes:
276 1251 389 1332 quibus
416 1251 538 1332 quidem
560 1255 637 1312 satis:
657 1273 810 1334 superque
832 1256 882 1328 sit,
906 1255 933 1313 si
953 1255 1096 1314 doctores
1116 1275 1152 1314 ac
1212 1317 1215 1325 ,

78 1339 304 1423 praedicatores
318 1335 413 1395 divini
435 1335 520 1396 verbi
539 1337 683 1397 omnibus
704 1347 733 1396 et
748 1339 825 1401 vitae
844 1336 984 1413 vinculis,
1013 1350 1045 1398 et
1064 1336 1151 1396 solli·
1179 1376 1192 1391 1.
1211 1330 1214 1345 '

78 1422 268 1484 citudinibus
286 1419 419 1495 liberati,
442 1422 567 1502 possint
584 1417 732 1481 sufficere.
775 1421 830 1481 His
850 1433 950 1482 autem
963 1423 1036 1505 ipsis
1055 1421 1151 1480 maxi·
1202 1444 1205 1448 ’

67 1527 129 1568 ,me
154 1508 185 1564 in
205 1504 385 1586 pr'aeaeutia,
409 1515 444 1565 ut
460 1503 640 1564 melioribus
661 1504 770 1564 studiis
794 1516 901 1566 vacent
921 1506 1071 1580 liberius,
1102 1525 1152 1564 se·
1166 1554 1184 1571 .,

79 1590 207 1672 junctus
233 1608 305 1648 are
327 1589 434 1649 uxoria
458 1590 555 1649 vietus
576 1589 751 1664 adamatur,-
771 1589 866 1650 veluti
900 1591 946 1666 iis,
973 1592 1028 1670 qui
1048 1589 1150 1648 diviua

80 1684 113 1735 et
132 1674 313 1755 incorporee
332 1671 440 1733 sobole
461 1672 669 1756 propaganda,
691 1684 835 1754 occupati
852 1684 1021 1750 teneantur,
1042 1686 1074 1733 et
1087 1693 1149 1732 nou
1201 1698 1206 1704 ⁴

76 1757 185 1832 unius,
208 1777 308 1836 neque
329 1755 465 1817 duorum
484 1755 662 1834 liberorum,
684 1755 737 1816 scd
760 1761 921 1818 acervatim
938 1755 1176 1845 innumerabi-G
1209 1803 1227 1844 ι,
1274 1803 1292 1844 t.

78 1838 119 1900 lis
139 1839 344 1901 multitudiuis
360 1841 580 1917 educationem,
601 1853 796 1922 sanctamque
815 1840 1017 1924 disciplinam,
1044 1862 1079 1901 ac
1098 1816 1308 1914 rediiriinriiq?

81 1920 186 2002 liquae
201 1924 402 1986 instituendae
412 1926 492 1997 ¹ritae
504 1946 607 1989 curam
626 1927 840 2008 susceperint·
865 1925 1060 1986 Postremum
1080 1909 1302 1993 om-{iiffiiiif
1348 1934 1352 1943 “

75 2008 165 2066 nium
187 2011 212 2067 si
234 2010 303 2089 quis
318 2012 500 2090 priscorum
520 2008 642 2070 illorum
663 2011 760 2083 ritas,
783 2009 957 2090 dequibus
988 2019 1071 2067 nuuc
1098 2007 1147 2067 lo-

77 2092 214 2172 quimur,
239 2091 401 2173 diligenter
417 2092 564 2175 exploret,
586 2093 787 2153 invenissem
804 2093 894 2154 initio
923 2092 1046 2174 quidem
1064 2103 1147 2152 aeta·

79 2177 121 2234 tis
136 2212 138 2217 .
156 2174 255 2235 soboli
282 2175 438 2259 augendae
468 2178 679 2260 conjugioque
711 2189 871 2250 recantes,
901 2188 1020 2236 mature
1045 2189 1145 2234 autem

74 2256 260 2319 abstinentes
285 2271 377 2340 atque
397 2275 554 2321 cessantes.
596 2260 751 2340 Scriptum
780 2271 825 2318 est
844 2261 933 2335 enim,
967 2257 1054 2338 quod
1075 2257 1244 2338 pla-umus.

79 2343 178 2402 cuerit
198 2343 305 2403 Enoch
322 2344 401 2419 Deo,
419 2357 584 2426 postquam
601 2344 705 2423 genuit
735 2340 915 2400 Mathusala.
967 2341 1027 2399 Ubi
1050 2326 1321 2424 scrip-ggssfflfgss·

78 2436 149 2487 tura
170 2426 260 2510 plane
279 2439 353 2510 post
366 2430 502 2508 genitum
526 2424 624 2484 lilium
642 2425 709 2483 Deo
755 2422 884 2482 iacuisse
901 2423 996 2507 illum,
1027 2422 1145 2504 dequo
1231 2504 1234 2509 Α

79 2507 231 2592 loquitur,
268 2520 430 2584 memorat,
456 2528 556 2588 neque
582 2507 628 2566 illi
657 2444 787 2589 postiae
814 2505 1037 2589 aliosgenitos
1065 2504 1214 2566 filiosuos.

79 2595 199 2677 prodit.
241 2594 309 2653 Noe
328 2611 456 2673 quoque
480 2592 528 2649 vir
556 2591 656 2670 justus
680 2602 755 2672 post
781 2592 1005 2673 susceptionem
1029 2584 1146 2650 lib'cro·

77 2698 151 2740 rum
169 2675 251 2735 solus
263 2695 332 2733 cum
345 2672 468 2750 familia,
490 2694 585 2754 quum
606 2672 727 2754 reliqua
748 2676 859 2752 omnia,
879 2694 1079 2757 quaecuuque
1099 2695 1147 2734 es·

80 2772 149 2821 seut
182 2761 334 2834 interra,
358 2757 537 2838 periissent,
568 2757 726 2817 incolumis
764 2771 977 2833 conservatus,
1006 2760 1143 2842 plurimis

79 2841 212 2930 posthae
248 2841 437 2923 superfuisse
462 2844 548 2902 aunis
584 2843 750 2919 inducitur,
770 2864 871 2925 neque
892 2855 991 2911 tamen
1017 2863 1144 2925 usquam
1155 2840 1227 2881 [Μ’

81 2927 221 3011 genuisse
254 2923 330 2986 alios
356 2923 445 2987 lilios.
490 2928 615 2987 Dicitur
645 2938 677 2987 et
710 2927 804 3002 Isaac,
826 2940 988 3010 postquam
1024 2947 1058 2988 ex
1083 2948 1144 2986 una

81 3029 179 3069 uxore
211 3011 346 3092 pminae
376 3011 474 3092 prolis
502 3025 591 3094 pater
617 3011 716 3071 lactus
746 3022 808 3086 est,
833 3012 956 3072 desiisse
988 3031 1058 3070 cum
1092 3011 1251 3070 illasoout·

83 3113 290 3155 consuescere.
343 3094 386 3155 Et
415 3095 550 3179 ioseph,
588 3115 685 3177 quum
713 3097 891 3178 praesertim
913 3095 994 3179 apud
1022 3095 1147 3177 Aegyp·

80 3179 143 3238 tios
168 3191 304 3240 versatus
334 3181 388 3253 sit,
423 3200 485 3240 non
516 3181 587 3262 plus
619 3200 711 3262 quam
744 3179 877 3239 duorum
906 3177 1040 3240 filiorum
1060 3190 1148 3261 pater
1229 3239 1231 3243 ,

80 3262 228 3323 exstitisse
253 3266 423 3339 invenitur,
445 3285 578 3346 quorum
598 3276 723 3324 matrem
755 3263 1011 3324 unam-duntaxat
1030 3265 1061 3323 in
1083 3281 1250 3339 maqoym
1266 3288 1290 3325 u

81 3347 227 3407 trimonio
259 3347 413 3409 babuerit
467 3349 538 3432 Ipse
579 3349 667 3410 etiam
698 3349 818 3423 Moyses
851 3359 943 3430 atque
977 3349 1043 3430 ejus
1082 3339 1243 3406 fra-*²¹⁰¹*

81 3441 133 3490 ter
152 3429 275 3506 Aaron,
301 3444 463 3512 antequam
483 3435 557 3516 ipsis
569 3433 666 3494 .Deus
694 3433 885 3515 apparuerit,
906 3429 987 3491 filios
1012 3432 1150 3514 genuisse

81 3528 309 3576 memoranturs
330 3528 490 3599 postquam
507 3530 606 3577 eutem
619 3517 722 3577 diviua
740 3515 864 3576 oracula
878 3527 1070 3596 acceperuut,
1087 3534 1150 3572 non

83 3599 336 3682 ampliusgeuitos
348 3600 386 3659 ab
400 3601 458 3661 illis
473 3598 555 3662 filios
569 3602 700 3661 invenias
712 3622 720 3669 ;
744 3601 820 3681 quid
830 3621 924 3682 porro
936 3599 973 3658 de
984 3598 1148 3658 Melchise·
1160 3613 1283 3658 uersari·-

85 3682 165 3743 decb
186 3696 231 3743 est
244 3682 415 3759 dicendum,
437 3687 527 3766 cujus
548 3687 671 3745 omnino
690 3705 753 3745 uon
773 3682 864 3759 filius,
885 3703 947 3742 nou
981 3702 1063 3756 enus,
1084 3700 1147 3741 nou
1159 3667 1224 3767 Μ·

86 3769 236 3829 successio
249 3767 401 3828 refertur?
422 3789 523 3849 neque
544 3770 614 3828 item
628 3771 710 3844 Jesu,
732 3771 786 3850 qui
806 3771 837 3827 iu
853 3705 1239 3842 Moysilocumsuc-rosue.

84 3854 184 3925 cessit,
195 3873 296 3933 neque
309 3852 651 3934 plurimorumaliorum
664 3852 890 3936 prophetarum.
925 3852 1029 3925 Quum
1051 3861 1151 3909 autern

87 3935 126 3997 de
140 3934 294 3996 Abraham
316 3936 451 3997 etJacob
473 3936 578 4017 quaeri
592 3936 699 4012 soleat,
720 3939 775 4018 qui
795 3935 994 4017 multiplicem
1015 3932 1152 3993 sobolem

87 4031 354 4101 propagaverunt,
376 4021 451 4081 alibi
472 4041 528 4080 uos
549 4023 679 4081 otiosius
700 4019 833 4101 hujusce
851 4022 896 4079 rei
917 4021 1064 4078 rationem
1084 4017 1155 4078 red-

54 4114 57 4121 '
88 4102 245 4162 didimus:
266 4105 320 4163 ubi
335 4105 374 4165 de
389 4115 563 4166 sauctorum
576 4117 715 4164 veterum
739 4107 875 4164 virorum
900 4102 1061 4186 multiplici
1082 4123 1159 4170 mn·

87 4189 186 4270 jugie,
197 4186 419 4271 multiplicique
430 4189 539 4251 subole
554 4187 761 4251 disseruimus.
783 4188 833 4251 Ad
845 4209 924 4271 quae
930 4191 1043 4272 scripta
1056 4199 1161 4246 nostra
1179 4189 1186 4199 '
