2782 4786
166 262 341 399 ‚'nn'
482 294 1063 391 nashcuannuro

233 509 403 586 ministerii,
427 509 460 570 in
483 499 729 567 aedificationem
744 507 887 588 corporis
913 494 1091 564 cantatu.
1124 501 1227 566 donee
1254 525 1307 566 oc·

235 635 394 687 curramus
413 633 517 675 omnes
540 613 572 693 in
590 611 738 673 unitatem
757 607 830 672 fidei
852 624 884 673 et
904 612 1065 695 agnitionis
1091 607 1151 669 filii
1181 611 1284 687 Dei,
1275 633 1305 672 ιιι

235 729 332 787 virum
349 719 561 808 perfectum,
552 740 585 779 ιιι
601 738 774 779 mensuram
787 711 892 805 aetatis
906 717 1106 801 plenitudinis
1129 716 1303 780 CHRISTI·

128 827 153 859 ‘¹³
167 888 176 913 ,Ι
237 847 273 894 ut
301 835 386 915 jam
391 848 453 911 non
484 828 577 887 simus
601 806 722 909 parvuli
752 823 951 902 fluctuantes,
983 835 1015 885 et
1055 826 1305 885 circumferamur

236 943 319 1002 omni
334 932 424 999 vento
444 906 637 997 doctrinae'
628 955 660 993 ιιι
686 933 826 1039 nequitia
850 931 1010 997 hommum
1017 975 1029 1012 2
1064 933 1099 993 in
1131 934 1247 993 astutia
1269 932 1305 993 ad

234 1033 525 1109 circumventionem
548 1040 663 1102 erroris
686 1034 744 1102 etc.
1254 1038 1258 1049 ’

316 1155 341 1214 1.
373 1153 460 1212 Cor.
492 1149 595 1209 xiva
636 1148 699 1226 Qui
728 1142 872 1248 loquitur
894 1145 1014 1232 lingua,
1044 1168 1107 1210 non
1129 1145 1306 1210 hominibus

164 1284 168 1291 ’
225 1260 389 1343 loquitur,-
410 1257 464 1319 sed
485 1240 563 1318 Deo.
605 1255 705 1317 Nemo
725 1258 805 1317 euim
829 1254 924 1316 audit.
968 1256 1103 1338 Spiritus
1126 1270 1232 1318 autem
1260 1256 1305 1317 lo·

211 1346 340 1454 'quitur
362 1366 514 1453 mysteria.
554 1363 633 1427 Nam
663 1365 719 1446 qui
749 1363 954 1448 prophetat,
955 1363 1140 1426 hominibus
1167 1364 1305 1448 loquitur

201 1526 203 1531 .
232 1479 272 1540 ad
294 1473 554 1556 aedificationem,
575 1483 605 1533 et
630 1469 887 1548 exhortationem,
910 1485 941 1534 et
962 1472 1227 1553 consolationem,
1252 1483 1304 1534 etc-

232 1585 274 1646 Et
293 1584 387 1667 paulo
409 1593 496 1666 post:
539 1580 601 1641 Sed
626 1581 659 1641 in
686 1579 813 1641 ecclesia.
831 1580 903 1641 volo
926 1583 1063 1663 quinque
1094 1580 1190 1643 verba
1217 1601 1306 1641 sensu

230 1713 300 1755 meo
321 1691 417 1772 loqui,
440 1702 475 1750 ut
492 1701 523 1751 et
539 1688 616 1765 alios
628 1689 797 1765 instruam:
819 1709 911 1771 quam
933 1689 1037 1748 decem
1067 1689 1164 1750 millia
1193 1688 1306 1750 verbo-

230 1821 301 1862 rum
316 1801 348 1858 in
363 1797 475 1878 lingua.
515 1794 656 1890 Ibidems
695 1781 870 1856 Mulieres
861 1818 894 1857 ιιι
917 1797 1049 1857 ecclesiis
1071 1809 1202 1859 taceant.

313 1927 344 2011 Ι.Ι
361 1927 444 2015 Cor
464 1924 554 1987 XII..·
595 1923 637 1985 Et
655 1925 805 2023 quosdam
827 1925 953 2009 quidem
973 1930 1079 2010 posuit
1100 1929 1215 1988 Deus
1204 1949 1235 1985 m
1252 1947 1305 1986 ec-

156 2031 158 2036 ’
194 2010 213 2073 s
231 2030 339 2136 alesia,
355 2032 489 2114 primum
501 2012 681 2122 Apostolos,
696 2032 841 2094 secundo
862 2033 1043 2118 Prophetas,
1064 2037 1152 2095 tertio
1172 2033 1295 2091 Docto-

205 2128 208 2133 *
229 2162 305 2220 res,
302 2130 423 2201 deinde
438 2140 580 2218 virtutes,
599 2124 746 2201 exinde*
739 2139 858 2223 gratias
883 2146 1088 2220 curationum,
1108 2138 1295 2223 opitulatio·

125 2234 132 2247 ’
227 2270 291 2326 nes,
306 2228 552 2333 gubernltiones,
568 2236 680 2330 genera
690 2240 881 2331 linguarum,
897 2250 1158 2333 interpretationes
1179 2266 1298 2307 sermo-

135 2418 137 2429 ,
225 2378 309 2417 num.
350 2354 508 2435 Numquid
537 2374 641 2414 omnes
661 2354 828 2438 Apostoli}
857 2357 1011 2438 numquid
1034 2377 1136 2443 omnes
1158 2353 1298 2438 Prophe·

224 2442 299 2526 tacl
320 2462 472 2544 numquid
484 2481 590 2522 onmes
602 2462 775 2524 Doctores?
795 2476 855 2525 etc.
896 2465 1057 2547 Numquid
1078 2485 1179 2526 omnes
1200 2465 1297 2523 inter·

224 2571 406 2658 pretanturl
710 2634 715 2647 ¹
750 2632 755 2641 ,

308 2677 421 2737 Hebr
442 2675 502 2736 V.r
545 2675 610 2736 Nec
632 2695 795 2759 quisquam
808 2681 899 2740 sumit
911 2678 971 2740 slbt
986 2678 1157 2743 honorem.
1178 2679 1233 2739 sed
1245 2699 1293 2759 qur

224 2795 364 2856 vocatur
378 2804 395 2844 a
414 2785 481 2845 Deo
502 2794 646 2865 tanquam
666 2782 782 2846 Aaron.

281 2920 284 2924 ‘
308 2913 393 2976 Act.
413 2912 460 2977 1.:
486 2913 553 3006 'Tu
573 2910 717 2991 Domine,
736 2917 791 2998 qni
811 2914 905 2977 corda
923 2920 1007 2978 nosti
1024 2921 1172 2995 omnium,
1193 2929 1292 2979 osten·

223 3024 272 3104 de,
294 3045 386 3108 quem
408 3022 533 3104 elegeris
555 3042 588 3081 es
610 3020 658 3080 his
680 3023 804 3086 duobus
824 3045 929 3103 unum,
950 3027 1091 3109 accipere
1113 3027 1218 3088 locum
1240 3047 1292 3086 mr-

222 3135 341 3194 nisterii
362 3130 457 3212 hujus
478 3142 509 3191 et
530 3129 741 3214 Apostola‘tns,
769 3132 809 3190 de
837 3154 901 3214 quo
921 3137 1150 3218 praevaricatus
1175 3148 1222 3197 est
1239 3136 1291 3194 Ju-

224 3240 287 3317 das,
308 3253 346 3302 ut
362 3239 460 3302 abiret
490 3238 640 3300 inlocum
658 3259 756 3298 suum.
799 3239 840 3298 Et
872 3240 1020 3301 dederunt
1046 3256 1147 3327 sortes
1177 3245 1240 3319 eis,
1264 3249 1290 3300 ει

223 3337 335 3408 cecidit
356 3368 425 3408 sors
442 3366 535 3432 snper
558 3338 736 3417 Matthiama
758 3357 789 3410 et
806 3361 1019 3408 annumeratus
1035 3341 1081 3409 est
1101 3372 1174 3410 cum
1198 3349 1288 3410 unde·

222 3459 282 3517 cim
304 3455 472 3540 llpostolis.
983 3444 997 3453 ’Δ

306 3561 447 3625 Matth.
471 3561 533 3623 ΧΑ
575 3551 758 3624 Convocatis
782 3563 944 3624 duodecim
962 3564 1121 3648 discipulis
1137 3570 1216 3646 suis,
1240 3567 1286 3628 de-

224 3672 271 3732 dit
289 3669 350 3731 illis
367 3681 546 3754 potestatem
567 3672 728 3754 spiritum
755 3672 996 3749 immundorum,
1022 3686 1079 3733 etc.
1123 3675 1195 3737 Hos
1215 3676 1283 3738 dno·

222 3766 421 3841 decim‘misit
441 3777 575 3854 JESUS‚
596 3781 786 3863 praecipiens
811 3781 862 3867 eis,
889 3781 1007 3845 dicens:
1049 3782 1088 3842 In
1116 3785 1203 3846 viam
1222 3802 1278 3869 gen·

220 3889 299 3946 tium
320 3905 359 3944 ne
382 3883 532 3964 abieritis,
555 3899 586 3947 et
606 3889 637 3947 in
659 3887 795 3948 civitates
818 3889 1076 3950 Samaritanorum
1095 3911 1136 3951 ne
1162 3894 1281 3956 intnve·

222 3994 300 4067 ritis,
320 3992 374 4052 sed
395 3996 495 4075 potius
517 3996 560 4056 ite
578 3993 617 4055 ad
639 4014 720 4071 oves,
743 4016 823 4076 quae
843 4000 1028 4079 perierunt,
1056 3998 1181 4062 domus*
1194 3994 1286 4062 Israel.

221 4098 337 4157 Euntes
357 4112 455 4160 antem
472 4102 656 4184 praedicate,
678 4103 823 4181 dicentes,
845 4106 917 4185 quia
937 4107 1205 4191 appropinquavit
1223 4127 1288 4191 reg·

223 4224 297 4273 num
320 4207 483 4270 caelorum.
526 4207 806 4274 lnfi1·mes¹eu1·ate
828 4220 892 4272 ete.
