2782 4786
287 262 407 381 1m'
525 302 1108 375 nusacnuuurro

364 475 400 559 l·
424 492 461 557 F.
504 487 696 552 SECUNDA
717 487 862 564 synodos
877 490 1018 565 limena,
1034 489 1171 551 actione
1187 502 1279 570 sexta,
1302 505 1358 557 to-

284 597 336 639 mo
357 579 464 636 tertios
486 589 649 658 utsupra,
680 575 711 632 in
734 573 918 634 eademxhac
940 576 1126 656 quaestione.
1284 573 1288 581 '

325 702 329 713 .
362 661 501 726 :ua-DE
519 659 649 735 Synodo
671 657 858 719 Vercellensi
886 659 945 718 sub
975 659 1079 718 Leone
1100 659 1176 733 lx„
1214 661 1287 720 item
1317 662 1360 722 de

285 733 541 811 Turonensisub
561 743 685 803 Victore
705 743 768 814 lL,
783 755 821 801 et
844 743 979 803 Romana
1000 742 1059 801 sub
1083 741 1211 802 Nicolao
1233 745 1292 818 ll.‚
1322 749 1357 804 iu

114 830 401 910 exculenus-quibus
438 827 570 888 haeresis
602 828 776 909 &magnii
799 827 937 887 damnata
965 839 1031 900 est,
1047 874 1050 881 .
1064 828 1107 885 itu
1129 826 1247 886 scribit
1261 830 1357 888 Guit-

116 899 154 940 ‘¹⁰'
288 904 421 974 mundus
440 911 688 994 archiepiscopus
707 913 898 989 Aversanus,
929 914 960 970 in
989 911 1072 969 libro
1097 914 1198 991 primo
1220 911 1257 970 de
1274 916 1358 972 veri-

288 1010 349 1057 tate
372 998 510 1077 corporis
533 1009 564 1055 et
586 993 873 1078 sanguinisssliristi
895 997 925 1054 in
946 995 1156 1055 Eucharistia=
1186 994 1356 1077 Aucvrpatis

221 1150 225 1159 ¹
288 1079 546 1162 ergououuullis
579 1079 662 1139 velut
683 1079 879 1155 ratiunculis,
912 1081 1121 1159 (nequeenim
1139 1078 1201 1137 ulla
1217 1101 1358 1160 unquam

115 1155 275 1244 „Qg‘flflfiss”
287 1165 417 1224 haeresis
441 1167 505 1223 sine
532 1163 633 1245 aliqua
650 1163 913 1222 verisimilitudine
935 1165 1061 1223 rationis
1081 1163 1266 1222 invalescere
1293 1186 1356 1245 pn..

36 1294 41 1314 ,
114 1254 240 1312 aspernor-
268 1252 353 1322 tuit)
376 1248 520 1307 adhibitis
545 1268 671 1328 qnoque
692 1250 798 1328 paucis
829 1247 907 1307 male
931 1247 1091 1306 intellectis
1109 1268 1134 1304 ·a
1152 1267 1183 1304 se
1208 1250 1355 1328 capitulis

113 1310 183 1353 ptum.
286 1335 456 1413 scripturae
481 1353 606 1405 sacrae,
635 1351 712 1411 quae
736 1331 837 1391 multis
855 1330 1027 1391 errantibus
1041 1329 1179 1411 laqueus
1205 1344 1356 1392 estmor-

285 1421 343 1492 tis,
379 1438 434 1498 per
459 1424 571 1497 egenos
593 1414 793 1474 scholasticos
807 1419 872 1496 -J'am
905 1437 961 1498 per
984 1415 1172 1486 alimoniam,
1196 1437 1259 1494 qua
1282 1437 1354 1475 sus·-

284 1501 433 1559 tentabat.
447 1521 517 1575 eos,
541 1512 576 1560 et
601 1521 655 1581 per
673 1520 747 1558 suos
767 1499 870 1560 dulces
895 1520 1048 1560 sermones
1067 1510 1248 1580 corruptos,
1276 1522 1355 1580 qua-

286 1606 464 1664 quaversum
484 1587 600 1666 potuit,
630 1583 769 1643 clanculo
790 1577 987 1665 vhujustauti
1013 1583 1083 1642 mali
1105 1584 1355 1665 nefandissimum

284 1671 381 1726 virtus
413 1667 527 1728 effudit.
571 1668 602 1724 si
632 1670 684 1748 qui
716 1680 814 1727 autem
841 1681 998 1750 praeterea
1022 1667 1123 1748 aliquo
1147 1668 1241 1727 modo
1265 1690 1354 1729 reee-

284 1753 385 1833 perint
412 1771 497 1825 eum,
520 1751 553 1809 bi
576 1764 663 1823 sunt,
688 1754 742 1831 qui
768 1751 1043 1833 err-Apostolorum
1064 1754 1212 1810 sententia
1239 1756 1353 1827 territi,

110 1833 248 1932 hecfari,
286 1838 364 1913 (qua
390 1833 524 1893 dicitur:
547 1835 610 1908 Qui
635 1835 798 1893 manducat
822 1848 851 1894 et
873 1835 952 1894 bibit
967 1836 1100 1918 indigue,
1122 1835 1272 1915 judicium
1294 1836 1354 1896 sibi

49 1949 52 1956 ,
251 1956 255 1969 ι
285 1917 450 1976 manducat
467 1929 504 1976 et
527 1917 623 1992 bibit)
645 1921 887 1978 communionem
904 1940 1037 1993 sacram,
1060 1941 1152 1999 quam
1170 1941 1227 2002 pro
1253 1920 1355 1980 ecele-

284 2003 405 2060 siastico
426 2020 514 2059 moro
536 2022 655 2060 sumere
674 2015 838 2084 coguntur,
859 2003 983 2063 mallent
1001 2015 1053 2062 aut
1070 2004 1191 2078 nullam,
1214 2017 1266 2063 aut
1289 2026 1354 2065 non

283 2097 397 2145 mutam
434 2106 518 2150 esse,
556 2106 645 2164 quam
681 2089 748 2165 ejus
781 2079 875 2146 metu
897 2108 928 2146 se
960 2109 977 2145 a
1007 2087 1126 2169 flagitiis
1161 2088 1352 2167 aliquatenus

216 2242 219 2247 ¹
284 2182 464 2251 temperare.
508 2169 556 2229 Ita
580 2171 674 2250 igitur
702 2182 732 2228 et
750 2193 805 2250 per
826 2172 899 2230 tales
925 2172 1103 2231 exsecranda
1123 2173 1216 2254 pestis
1238 2175 1351 2254 paulu-

108 2254 259 2344 cvosnfffilillfgw
284 2254 348 2313 lum
385 2253 525 2314 adolevit.
584 2255 657 2312 Mox
691 2276 763 2336 ergo
786 2255 1007 2337 ¹incipientibus
1035 2255 1084 2314 bis
1110 2255 1210 2337 palam
1240 2256 1350 2333 audiri,

108 2355 248 2412 conarere·
285 2338 436 2398 eatholici
452 2340 509 2397 viri
538 2340 670 2423 graviter
692 2341 855 2416 commoti,
885 2352 978 2419 atquc
998 2339 1233 2402 intolerabiliter
1248 2342 1350 2400 l'eren-

109 2415 270 2493 ξξὲῗῖᾞᾘχ,
283 2437 348 2497 tes,
370 2423 562 2505 praesidente
582 2443 637 2503 per
664 2434 756 2482 semet
777 2427 876 2505 ipsum
899 2424 1086 2483 beatissimae
1115 2427 1276 2484 memoriae
1291 2426 1351 2485 do·

204 2503 208 2510 ’
284 2511 367 2566 mino
403 2508 488 2588 Papa
511 2509 632 2582 Leone,
663 2506 812 2567 Vercellis
842 2508 1008 2588 concilium
1034 2521 1163 2589 ponunt.
1213 2509 1249 2568 ln
1286 2530 1349 2588 quo

225 2610 226 2615 ¹
282 2603 355 2672 post
376 2590 633 2672 diligentissimam
658 2591 697 2651 de
723 2613 857 2673 corpore
887 2604 915 2650 et
941 2596 1086 2674 sanguine
1109 2593 1234 2653 Domini
1255 2595 1350 2653 ratic-

281 2695 372 2748 nem,
407 2673 623 2753 berengarium
659 2687 689 2732 et
714 2695 816 2735 ornnes
841 2677 908 2756 ejus
934 2678 965 2734 in
994 2676 1187 2735 haehaeresi
1212 2677 1347 2737 fautores

281 2769 430 2839 perpetuo
449 2755 659 2832 anathemate,
682 2759 740 2816 nisi
758 2759 980 2840 resipiscerent,
1003 2761 1231 2821 damnaverunt
1254 2761 1347 2821 Curu-

83 2843 272 2933 ,lfss‘ffrffipfgffi
283 2862 342 2921 que
360 2842 423 2920 jam
445 2838 623 2899 defunctum
651 2840 782 2901 Leonem
804 2844 939 2924 Papam,
963 2857 993 2903 et
1016 2857 1136 2905 sanctos
1169 2847 1276 2920 viros,
1294 2845 1346 2926 qui

104 2936 199 2983 morem.
282 2924 448 2997 inscribere
467 2923 616 3000 concilio,
635 2925 789 2984 maledicis
809 2927 909 2986 verbis
933 2939 962 2985 et
983 2931 1104 3009 seriptis
1125 2929 1271 2988 lacessere
1284 2936 1345 2989 noir

282 3009 453 3080 desineret,
486 3010 714 3069 sanctissimum·
728 3010 806 3069 illud
841 3031 876 3069 ac
888 3013 1174 3072 reverendissimum
1187 3013 1346 3076 Ecclesiae

281 3093 339 3152 Dei
371 3090 544 3174 speculum,
578 3113 728 3152 summum
758 3115 822 3153 uon
853 3093 1045 3177 pontificem,
1066 3096 1134 3156 ¹sed
1154 3095 1346 3178 pompificem

106 3175 255 3264 ,ffffgffl‘
280 3192 373 3258 atque
398 3175 573 3258 pulpifieem
592 3198 721 3250 vocans,
743 3200 873 3259 eumque
892 3179 1090 3240 ini'atuatione
1112 3178 1276 3241 Laufranei
1298 3183 1346 3241 in·

106 3273 242 3360 eutsnvieto-
279 3263 429 3323 ictuatum
443 3260 640 3336 ‚eoucssium
661 3263 799 3340 vastitatis
821 3263 970 3323 aduuasse
992 3265 1221 3346 blasphemans:
1243 3260 1347 3325 Turo-

104 3334 130 3360 ¹⁸
167 3347 173 3361 '
279 3350 327 3404 nis
357 3338 431 3404 iteni
461 3345 593 3426 generali
621 3358 782 3429 aggregato
812 3347 969 3424 coneilio,
1006 3351 1154 3431 praesenti
1177 3348 1344 3410 venerabili

102 3430 244 3521 Bffffifle‘ljp
278 3449 362 3488 nune
391 3428 686 3512 Papa,G1·cgorio‚'
703 3431 843 3492 'llomano
869 3445 943 3492 tune
970 3429 1214 3508 Arcbidiaeono,
1237 3455 1345 3515 panem

176 3492 243 3536 ω’
279 3525 309 3571 et
335 3515 436 3577 viuum
466 3514 497 3570 iu
532 3511 683 3579 sacrificio
721 3515 848 3583 Domini
876 3537 939 3579 non
965 3516 1156 3592 umbratice,
1191 3517 1245 3576 sed
1273 3536 1345 3576 vere

103 3592 253 3686 ffiffioffi
279 3594 400 3657 Christi,
416 3616 536 3656 carnem
559 3609 589 3656 et
606 3600 782 3680 sanguinem
802 3597 889 3673 lieri,
913 3600 984 3659 dato
1006 3603 1149 3682 propriae
1170 3622 1345 3669 manassa-

102 3686 149 3745 11,
196 3707 199 3711 ·
265 3693 468 3755 eramento,
487 3679 703 3742 confirmavit.»
733 3683 810 3743 Inde
845 3684 1042 3767 postmodum
1064 3686 1265 3765 desipiscens,
1288 3686 1343 3743 iti-

102 3823 192 3865 Rursus
207 3821 264 3874 pa„-
277 3763 345 3823 dem
369 3765 483 3827 Romae
513 3768 544 3823 in
565 3765 697 3847 generali
726 3767 859 3827 concilio
883 3766 1026 3826 conflictu
1051 3770 1175 3831 rationis
1193 3760 1342 3844 revictus,

102 3871 194 3911 noriam
212 3882 264 3910 can.
276 3846 396 3908 libellos
419 3869 492 3907 suos
521 3853 651 3932 propria
667 3872 758 3911 manu
787 3851 845 3910 sub
865 3854 1034 3932 praesentia
1056 3852 1151 3913 felicis
1178 3853 1343 3913 memoriae

42 3931 44 3936 '
102 3925 138 3958 tat
152 3929 179 3958 el·
194 3930 250 3959 suo·

102 3967 176 4009 mm„
190 3980 251 4008 „m
273 3930 377 4012 Papae
399 3931 536 4009 Nicolai,
560 3955 662 3994 coram
683 3935 767 3997 omni
785 3934 911 4009 synodo
936 3938 1095 4011 cremavit,
1119 3956 1260 4003 errorem
1268 3957 1343 3995 aua·

95 4016 173 4093 ,sarrs
204 4088 207 4093 ,
274 4013 500 4091 thematiaavit,
522 4019 802 4099 confessionemque
832 4018 962 4094 bonam,
993 4040 1083 4100 quam
1106 4020 1240 4081 Turonis
1258 4019 1342 4079 iece-

245 4109 249 4115 ’
273 4102 343 4172 iat,
364 4098 512 4180 praestito
536 4100 699 4165 identidem
719 4102 861 4184 propriae
883 4122 990 4161 manus
1010 4114 1216 4179 sacramento,
1247 4124 1342 4164 reno-

267 4181 355 4249 varit
369 4181 415 4249 hir
429 4182 550 4249 verbis:
580 4185 648 4270 Ego
668 4186 866 4267 berengerius
888 4186 1033 4277 indiguus
1054 4187 1209 4269 Diaconos
1231 4187 1344 4252 Eccle-
