2790 4792
294 315 348 390 71
689 320 937 391 Paarrarrc

288 542 375 590 men
399 513 564 605 serenti,
603 529 642 590 et
664 539 799 616 panem
823 509 1055 614 comedenti3
1089 517 1265 621 caditque
1289 553 1324 601 rt

288 640 409 716 omnia
450 637 615 738 gratiae,
655 663 764 736 quae,
777 636 894 712 corda
915 655 1046 713 nostra
1069 643 1292 741 madefacit„
1315 678 1325 726 t

288 762 507 860 refrigerat,
557 786 629 836 nec
665 788 743 834 uon
779 760 1003 836 corroborat.
1041 767 1143 839 aar
1185 794 1326 874 quoqu«

289 885 510 958 elementum
543 883 636 956 illud
666 884 900 985 principale,
935 884 1016 958 sine
1042 911 1118 987 qua
1144 917 1256 988 nemo
1282 899 1327 973 hu

287 1008 425 1078 minum
457 1007 584 1083 *vivers
618 1024 767 1107 potest,
804 1007 871 1078 illa
893 998 1062 1083 animalis
1086 1013 1328 1118 spirabilisqu

176 1120 182 1137 ’
287 1147 419 1204 natura
456 1130 497 1202 in
530 1131 701 1237 Ecclesia
728 1131 815 1205 iesu
856 1129 993 1203 Christi
1028 1133 1248 1212 circumfusa
1273 1144 1329 1242 spi

120 1253 278 1352 {lggtffffl
288 1271 345 1327 rat
350 1281 381 1350 3>⁴
398 1253 559 1354 Spiritus
594 1272 652 1329 ast
677 1251 815 1327 aliusue
838 1277 953 1351 super
977 1278 1124 1330 omnem
1147 1286 1298 1359 carnem
1311 1266 1330 1314 ¹¹

291 1377 363 1474 qui-
393 1387 521 1449 omnes
557 1376 691 1474 gratias
706 1444 709 1449 Α
725 1377 766 1449 in
791 1375 907 1474 signis
941 1377 1149 1455 visibilibus
1170 1404 1331 1482 operatu:

288 1517 398 1598 atque
421 1497 558 1587 efficit,
597 1498 756 1599 Spiritus
794 1498 1021 1599 septiformis
1046 1505 1095 1577 in·
1108 1520 1258 1604 septem>
1275 1509 1332 1606 aig

287 1624 345 1696 nis
377 1621 615 1706 efficacibus,
650 1641 746 1721 quae
783 1615 955 1698 Ecclesia
983 1626 1057 1722 Dei
1091 1613 1252 1730 appellat
1273 1630 1332 1703 Sa·

288 1761 482 1819 crementa.
779 1780 785 1789 ·

384 1993 483 2064 Ecce
517 1990 630 2088 igitur
661 1993 932 2068 -connexicnem
968 1989 1131 2073 intimam
1155 1992 1332 2070 strictisai

285 2132 455 2213 mamque
484 2112 582 2185 inter
615 2114 768 2188 virtutes
809 2116 981 2189 divinitus
1005 2113 1146 2188 infusas
1170 2133 1332 2216 tanquan

286 2236 398 2309 vitam
434 2235 594 2309 hominis
633 2238 824 2313 internam.
839 2264 885 2311 ac
910 2238 1063 2337 propria
1089 2218 1269 2330 dirinam,
1310 2270 1332 2315 a

286 2359 384 2431 inter
408 2357 646 2448 Sacramenta
669 2362 862 2436 Ecclesiae
881 2361 970 2435 Jesu
996 2361 1158 2448 Christi,
1185 2363 1332 2464 ideoqut

285 2484 383 2555 inter
407 2498 548 2554 tomum
577 2474 735 2582 primum
773 2485 884 2584 hujus
915 2483 1040 2582 operis
1073 2483 1270 2562 clarissimi
1310 2517 1333 2563 e

285 2605 383 2680 inter
404 2602 618 2679 secundum.

383 2851 481 2955 Hoc
498 2865 615 2951 caput
646 2848 703 2925 de·
720 2836 967 2925 Sacramentis
990 2846 1203 2936 Ecclesiae,
1242 2854 1334 2948 quoc'

284 2976 383 3051 bunc
408 2988 548 3048 tomum
582 2972 786 3048 seeundum
808 2971 972 3070 complet
994 2972 1199 3069 integrum,
1240 2972 1334 3070 quod

283 3098 445 3183 librum,
478 3095 558 3171 iera
592 3096 743 3196 triginta
776 3095 924 3169 chartas
961 3095 1231 3180 coutinentem,
1267 3093 1334 3167 ior-

283 3237 382 3311 mat‚
416 3219 479 3292 illa
514 3219 633 3294 fusius
666 3234 800 3295 tractat
820 3197 1083 3315 ‘uberiusquass
1124 3210 1234 3315 (suam
1270 3245 1335 3293 nor

222 3396 227 3412 „
284 3343 343 3417 uir
367 3343 445 3416 ulla
467 3343 681 3442 theologius
699 3340 907 3439 dogmatica
926 3359 1121 3415 tractatum
1143 3339 1256 3436 hujus
1282 3367 1336 3439 ge·

268 3464 384 3536 'neria
413 3460 626 3538 elaborarit
676 3466 902 3563 Argumenta
925 3463 1047 3537 omnic
1069 3487 1113 3534 cr
1128 3457 1242 3533 ¹fonte
1265 3464 1336 3561 pla·

284 3585 438 3658 nissimo
478 3588 645 3661 exhausit
678 3589 738 3663 uir
768 3613 881 3687 quam
904 3586 1079 3660 maximae
1111 3583 1337 3672 cruditionis:

283 3712 458 3781 Petrus
484 3709 763 3802 Carisius,-
789 3728 828 3785 et
849 3714 1081 3791 Eucaerus,
1118 3730 1275 3781 coaevus
1299 3709 1338 3781 il.

272 3829 375 3916 dius,
399 3829 465 3902 illa
491 3831 689 3906 cossccarit
710 3834 751 3906 in
774 3832 905 3907 ordina
928 3830 1067 3902 risibili
1092 3846 1129 3901 et
1153 3831 1250 3902 seria
1270 3847 1339 3904 tra·

285 3951 437 4027 ditionis
463 3953 679 4046 condensa,
705 3982 783 4031 non
808 3953 977 4029 dissimili
999 3949 1253 4025 adamantinae
1280 3978 1340 4024 ca·

282 4095 413 4170 tanae,
452 4102 549 4174 quae
582 4093 658 4150 tam
676 4079 841 4180 pretiose
858 4093 914 4150 ast
937 4098 1054 4172 quam,
1075 4067 1215 4163 solida,
1242 4090 1279 4166 et
1304 4074 1341 4148 in
