2790 4792
317 274 857 452 urcnsersr'rre
940 366 944 376 ·
1056 328 1134 429 ,η’

56 541 291 619 cognoscerent.
339 527 379 588 Et
404 523 497 611 paulo
519 535 616 608 post—t
662 523 735 587 Non
766 537 866 589 autem
893 530 1132 616 incongurenter

58 621 234 704 accipimus,
259 614 318 677 hoc
334 612 585 696 impedimentum·
606 609 637 668 in
662 608 757 670 oculis
774 632 879 673 eorum
904 629 1043 679 asatarta
1063 618 1131 679 fac·

57 716 128 763 tum
149 702 260 773 fnisse,
281 719 319 758 ne
343 707 558 781 agnosceretur
583 691 719 770 JESUS,
743 695 797 755 sed
826 708 925 758 tamen
953 721 971 760 a
1005 700 1128 783 Christo

61 800 108 847 cst
126 787 206 847 facta
227 783 382 867 permissio
405 801 505 862 usque
526 777 566 839 ad
585 791 814 843 sacramentum,
826 783 931 862 panist
952 797 987 845 ut
1013 788 1128 848 unitate

62 871 202 954 corporis
226 870 293 949 ejus
317 867 515 948 participate,
539 863 689 922 removeri
720 862 908 947 intelligatur
928 869 1129 952 impedimen·
1210 904 1213 911 .

57 965 125 1016 tum
142 954 266 1029 inimici,
287 962 321 1021 ut
339 944 536 1024 CHRISTUS
552 946 650 1028 possit
665 949 797 1030 agnosci.
1012 1006 1019 1023 .

142 1051 171 1106 1.
213 1037 252 1095 D.
272 1031 472 1101 EUSEBIUS
495 1029 612 1105 Caesar.
633 1027 703 1092 hist.
723 1029 807 1090 Eccl.
830 1031 865 1090 L.
883 1031 938 1094 vl.
962 1053 988 1093 c.
1010 1046 1073 1104 ω,
1093 1054 1129 1096 ex
1257 1074 1260 1081 -

59 1124 146 1206 epist.
175 1118 303 1197 Dionys.
330 1114 476 1177 Alexand.
503 1111 555 1185 ad,
569 1110 645 1173 Fah.
673 1113 922 1191 Antiochenam,
939 1115 1034 1190 ,banc
1056 1119 1131 1181 citat
1210 1114 1214 1121 ¹

57 1206 230 1286 historiens
276 1204 364 1276 Erat,
384 1199 496 1279 inquit,
518 1196 644 1276 quidam
660 1192 814 1281 Sera'pion
836 1199 920 1282 apud
948 1221 1004 1261 nos
1030 1199 1130 1264 fidelis

60 1311 157 1366 senex,
179 1291 246 1371 qui,
267 1287 339 1346 licet
360 1301 497 1364 magnam
514 1282 595 1351 ritae
615 1293 732 1362 partem
753 1284 871 1365 integre
895 1295 927 1343 et
951 1284 1130 1367 incorrupte

57 1386 159 1434 transe
180 1375 263 1447 isset,
285 1382 423 1449 tempore
444 1376 544 1424 tamen
572 1367 791 1446 persecutionis
819 1387 895 1448 prae
924 1366 1130 1431 imbecillitate

57 1461 147 1519 animi
159 1395 270 1538 lapsus
292 1462 347 1512 est.
366 1472 377 1519 χ
389 1450 448 1508 Hic
476 1468 693 1530 saepenumero
714 1450 746 1509 in
768 1449 935 1510 Ecclesiam
958 1450 1060 1512 denuo
1077 1473 1130 1514 re·-

58 1543 119 1625 cipi
146 1538 275 1621 supplex
291 1531 487 1615 postulabat:
508 1531 562 1592 sed
580 1554 686 1610 nemo,
702 1536 775 1614 quia
796 1532 889 1594 idolis
920 1533 1131 1614 sacrificasset,

37 1628 127 1706 ,ejus
146 1619 349 1705 postulationi
368 1615 531 1697 aliqnando
552 1617 739 1680 auscultavit.
783 1619 846 1693 Qui
860 1620 891 1679 in
908 1640 1028 1703 gravem
1046 1624 1132 1680 mor-'-

57 1709 133 1769 bum
156 1701 310 1778 delabens,
337 1698 442 1760 triduo
461 1699 605 1783 deinceps
623 1713 725 1763 mutus
744 1712 773 1762 et
793 1701 910 1784 absque
931 1724 1022 1764 sensu
1043 1705 1130 1764 visite

60 1801 173 1873 quarto
195 1798 294 1846 autem
316 1783 367 1844 die
383 1783 540 1866 paululum
560 1783 718 1860 relevatus,
740 1798 880 1869 nepotem
904 1787 950 1859 ad
967 1809 999 1848 se
1024 1809 1130 1849 accer-

61 1877 118 1935 sit:
140 1874 246 1952 sicque
265 1866 449 1950 alloquitur:
492 1868 670 1950 Quousque,
693 1868 756 1947 fili,
772 1892 825 1931 me
847 1866 1011 1933 detinetis?
1050 1894 1129 1956 pro7

82 1967 175 2030 erate,
197 1952 335 2030 obsecro,
353 1965 383 2012 et
409 1972 457 2012 me
481 1953 565 2012 ocius
588 1954 753 2015 dimittite.
795 1952 940 2036 Aliquem
970 1978 1005 2016 ex
1035 1977 1128 2041 pres·

58 1980 176 2116 byteris
198 2036 311 2098 advoca
332 2035 372 2096 ad
397 2055 454 2095 me.
497 2035 585 2111 Quae
610 2035 833 2116 cumdixis'set,
855 2040 964 2100 iterum
991 2038 1028 2102 fit
1056 2064 1128 2103 mu-

58 2138 118 2187 tus.
160 2122 244 2183 Puer
258 2122 356 2181 currit
369 2118 409 2179 ad
431 2118 668 2197 Presbyterum:
689 2143 751 2182 nox
767 2125 830 2204 jam
853 2135 927 2184 erat.
963 2122 1026 2186 -Ille
1044 2127 1127 2188 forte

59 2207 171 2270 morbo
187 2217 307 2266 vexatus
340 2202 485 2265 accedere
508 2204 548 2265 ad
577 2225 646 2265 eum
680 2226 745 2266 non
768 2218 909 2289 poterat:
940 2209 994 2269 sed
1026 2221 1127 2270 tamen

61 2294 206 2376 quoniam
226 2311 244 2350 e
264 2309 312 2349 me
328 2288 452 2370 quidem
473 2287 647 2349 mandatum
669 2288 810 2365 dabatur,
832 2301 877 2365 ut,
908 2293 961 2370 qni
992 2292 1056 2371 jam
1077 2314 1306 2369 es-1„;„,;„„,
1380 2305 1389 2312 ”

60 2389 126 2438 sent
143 2377 208 2436 vita
230 2373 414 2457 emigraturi,
435 2383 612 2432 sanctorum
631 2374 846 2446 mysteriorum
870 2372 1050 2448 (dummodo
1066 2364 1128 2458 pe·
1137 2377 1296 2418 mmmm.

60 2472 170 2536 terent,
192 2470 223 2519 et
236 2456 284 2518 vel
304 2458 428 2517 maxime
447 2457 472 2515 si
488 2466 585 2531 antea,
606 2453 680 2513 dum
704 2455 822 2537 integra
840 2454 1013 2516 valetudine
1033 2471 1129 2537 erant,
1200 2454 1202 2458 ’

63 2544 214 2629 supplices
234 2542 424 2626 petivissent)
447 2540 614 2621 participes
631 2535 748 2611 fierent,
769 2540 874 2620 sicque
897 2560 966 2599 cum
982 2563 1056 2624 pace
1077 2543 1129 2603 di-

64 2631 156 2705 missi,
178 2638 209 2687 et
227 2626 309 2686 bona
330 2645 384 2706 spe
407 2619 577 2695 confirmati
600 2641 635 2699 ος
653 2620 712 2681 hac
732 2622 800 2682 luce
820 2622 1009 2699 decederent,
1032 2648 1128 2711 puero

64 2715 200 2796 exiguam
222 2707 375 2793 quandam
387 2704 599 2783 Eucharistiae
611 2716 736 2849 partem
758 2706 853 2784 dedit,
874 2712 1072 2794 praecipiens,
1095 2722 1130 2772 ut

66 2818 130 2858 eom
151 2793 357 2855 madefactam¹
372 2791 404 2850 in
425 2809 458 2849 os
480 2790 560 2871 senis
579 2789 610 2848 in
626 2789 770 2854 underet:
799 2813 891 2874 quam
917 2816 996 2877 puer
1027 2817 1130 2858 secum
1198 2838 1200 2843 -

69 2878 222 2951 adferens,
244 2874 345 2934 rediit.
387 2873 444 2932 Cui
466 2873 527 2953 jam
550 2876 817 2960 appropinquanti,
840 2879 924 2961 prius
948 2903 1039 2963 quam
1060 2901 1130 2941 eum

18 3027 22 3034 ¹
64 2986 114 3038 eo,
137 2959 224 3043 qnod
246 2957 391 3040 gestabat,
412 2958 541 3018 intraret
566 2959 666 3036 aedes,
685 2958 834 3046 ¹Serapiou
863 2961 964 3031 denuo
985 2987 1060 3026 voce
1079 2987 1131 3025 rc·-
1282 3029 1288 3039 ,

64 3055 212 3130 cuperata
236 3042 325 3102 dixitz
367 3042 495 3120 Venisti,
517 3039 583 3103 filit
612 3044 744 3107 Tametsi
760 3046 923 3130 presbyter
949 3067 1012 3108 non
1026 3059 1131 3131 potest
1150 3057 1307 3118 comm„

64 3133 180 3204 venire,
201 3138 237 3187 tu
259 3137 358 3187 tamen
377 3136 510 3210 praesta,
533 3127 621 3208 quod
641 3127 701 3189 tibi
725 3130 756 3193 in
777 3129 925 3190 mandatis
944 3131 1081 3209 dederit,
1100 3125 1305 3215 et2⁰2⁸¹³³⁰t⁶¹¹l

67 3217 188 3278 dimitte
208 3231 255 3272 me
276 3209 370 3270 abire.
411 3198 598 3272 Particulam
619 3213 716 3296 igitur
753 3234 821 3290 uer,
838 3211 932 3295 ¹quam
945 3226 1133 3298 apportarat,
1160 3188 1174 3215 n
1196 3188 1281 3228 'W‘

69 3299 267 3361 madefactam
289 3296 320 3354 in
355 3314 388 3355 os
423 3296 501 3353 senis
530 3296 673 3357 infundit.
724 3235 827 3378 dtque
854 3295 919 3376 ille,
953 3300 1136 3382 simulatque

70 3406 135 3446 eam
157 3380 342 3466 pedetentim
362 3399 419 3462 per
442 3378 543 3441 fauces
564 3381 729 3462 dimiserat,
750 3381 836 3442 illico
857 3392 1022 3446 menum
1042 3386 1137 3468 spiri·

72 3482 137 3530 tum
156 3465 263 3527 edidit
1040 3522 1042 3525 .

154 3565 185 3618 2.
225 3545 539 3623 AUGUSTINUSJ.
566 3562 607 3617 50
627 3547 779 3612 bomiliar.
799 3549 880 3613 born.
902 3542 973 3631 Ωδμ
1016 3550 1138 3630 Quanta

73 3634 265 3699 solicitudine
296 3631 490 3694 observamus
502 3676 512 3709 ,
542 3634 672 3715 quando
705 3634 794 3700 nobis
830 3659 945 3721 eorpus
977 3636 1140 3699 CHRISTI

73 3722 268 3792 ministratur,
301 3727 336 3776 ut
357 3716 435 3776 nihil
459 3736 494 3776 ex
515 3717 582 3800 ipso
605 3717 643 3779 de
664 3722 777 3781 nostris
797 3722 936 3782 manibus
966 3723 998 3782 in
1025 3735 1138 3785 terram
1162 3716 1300 3778 .⁸⁰¹¹⁰³²'¹‘¹⁰

75 3805 179 3866 cadat:
200 3813 284 3862 tante
304 3800 499 3862 solicitudine
514 3802 729 3881 observemus,
749 3826 787 3864 ne
806 3804 934 3865 verbum
954 3807 1031 3884 Dei,
1051 3779 1313 3890 quodllll-linfibil’uu.⁸

77 3888 166 3950 nobis
187 3898 339 3969 erogatur,
362 3885 435 3945 dum
456 3885 573 3969 aliquid
595 3899 649 3946 aut
667 3891 833 3971 cogitamus
849 3901 901 3948 aut
908 3888 1076 3972 loquimur,
1100 3890 1138 3952 de
1148 3879 1177 3955 l?
1181 3865 1309 3955 elilim

77 3973 172 4035 corde
190 3985 298 4032 nostro
316 3982 437 4054 pereat:
458 3971 544 4054 Qura
558 3992 622 4033 non
642 3974 740 4032 minus
752 3993 820 4033 reus
843 3974 916 4051 erit,
939 3977 992 4057 qui
1013 3976 1140 4038 verbum
1150 3963 1220 4005 Μ

79 4059 139 4119 Dei
161 4056 347 4140 negligenter
383 4054 535 4131 audierit,
567 4077 659 4138 quam
688 4055 749 4131 ille,
769 4058 822 4138 qui
853 4079 968 4142 corpus
984 4061 1146 4127 CHRISTI

23 4151 26 4161 '
80 4144 111 4203 iu
132 4153 245 4204 terram
267 4139 377 4201 cadere
403 4140 585 4226 negligentia
605 4161 660 4202 sua
681 4142 860 4224 permiserit
929 4172 933 4177 ¹
1157 4174 1325 4216 mmmm„

164 4237 196 4294 ὅ·
236 4225 344 4301 rnen
382 4226 473 4287 Μ’·
500 4239 580 4297 2⁵2-
600 4225 639 4289 a.
669 4236 781 4313 amre
823 4227 969 4337 nne...
991 4220 1314 4326 commoretur.

881 4339 956 4419 rt*
