2790 4792
236 386 313 472 lm
415 457 416 460 Ν
476 373 1075 483 nusncnanunuo

424 565 681 667 depravantes.
733 557 844 659 Quod
865 558 958 632 nihil
993 572 1051 630 cst
1083 554 1311 650 aliudsane,

428 714 538 788 quam
561 686 660 761 velut
685 709 706 758 e
731 682 867 755 mundo
893 679 1010 754 solem
1034 677 1188 769 tollere,
1215 704 1309 752 sum-

429 835 565 907 moque
578 834 707 908 sponsi
696 808 893 878 thesauro
911 827 1086 903 sponsam
1110 802 1312 875 Ecclesiam

433 933 609 1034 spoliare,
634 948 671 1002 et
693 954 826 1028 panem
849 924 945 1000 vi'tae
964 923 1135 998 fidelibus
1154 927 1353 1063 eripere.

435 1082 485 1131 ne
516 1057 564 1129 sit
600 1053 767 1142 demum,
804 1049 903 1122 unde
929 1048 1074 1122 exsules
1098 1048 1220 1120 illim
1247 1018 1353 1121 hoc

361 1159 367 1169 ⁸
437 1178 567 1256 mundi
602 1176 750 1251 deserto
785 1191 984 1273 pascantur
1021 1189 1133 1270 atque
1178 1190 1313 1246 susten-

438 1321 572 1380 lentur.

564 1527 1013 1617 scu1nuunnu

347 1740 452 1804 Joan.
475 1740 548 1800 VI:
576 1739 751 1824 Litigabant
773 1759 847 1821 ergo
864 1735 971 1797 ludaei
992 1736 1031 1796 ad
1055 1735 1192 1812 invicem,
1216 1734 1310 1816 dicen·

265 1859 337 1933 test.
370 1845 537 1922 Quomodo
557 1859 659 1929 potest
678 1823 731 1906 hic
751 1844 841 1902 nobis
855 1863 972 1902 carnem
987 1863 1071 1903 suam
1086 1840 1159 1916 dane
1180 1841 1221 1902 ad
1240 1862 1314 1900 mnn-

267 1951 457 2015 ducandum?
498 1952 582 2011 Dixit
605 1972 677 2035 ergo
699 1953 741 2010 eis
762 1951 846 2009 lesus
868 1961 925 2009 etc.
967 1951 1050 2009 Haec
1071 1949 1148 2008 dixit
1177 1950 1210 2008 in
1229 1936 1314 2024 Syna-

267 2079 344 2143 goga
365 2057 478 2118 docens
500 2060 533 2117 in
553 2046 771 2141 Caphnrnaum.
814 2054 904 2113 Multi
926 2074 1000 2138 crgo
1022 2054 1177 2114 audientes
1208 2076 1242 2114 ex
1261 2051 1315 2111 dis·

267 2166 378 2250 cipulis
402 2144 480 2246 ejus,
503 2165 662 2228 dixerunte
703 2166 808 2225 Durus
823 2173 867 2223 cst
886 2158 937 2222 hic
956 2172 1065 2237 sermo,
1086 2171 1115 2219 et
1136 2162 1206 2242 quis
1227 2167 1316 2244 potest

217 2319 225 2325 -
268 2295 338 2338 cum
359 2271 486 2333 audirel
568 2313 570 2315 .

349 2405 447 2464 Luc.
479 2402 521 2465 1.:
571 2399 642 2463 Non
676 2401 735 2463 erit
763 2395 953 2482 impossibile
986 2395 1070 2480 apud
1102 2395 1205 2457 Deum
1240 2412 1317 2457 omne

265 2510 402 2573 verbum.

348 2641 458 2700 Marc.
480 2636 538 2700 X.:
583 2635 693 2697 Omnia
714 2633 874 2718 possibilia
891 2643 962 2693 sunt
987 2630 1071 2716 apud
1091 2633 1202 2702 Deum.

349 2763 503 2827 Psalm.
525 2765 709 2843 CXLVIILe
750 2764 820 2846 Ipse
842 2764 927 2840 dixit,
949 2774 980 2824 et
998 2761 1079 2822 facta
1098 2775 1180 2842 sunl,
1212 2742 1268 2826 etc.
1287 2772 1318 2824 ut

266 2873 299 2931 in
324 2881 416 2931 textu.

349 2997 438 3056 Luc.
459 2988 581 3077 XXII,
602 3000 697 3060 Marc.
721 2997 818 3074 x1v.,
840 2997 939 3060 Matth
959 2995 1095 3076 XXVI,
1116 2997 1141 3057 Ι.
1156 2994 1238 3072 βοὶ.
1256 2997 1320 3073 xl,

266 3117 303 3168 ut
323 3125 424 3189 supra,
448 3105 625 3188 quaestione
642 3104 784 3170 secunda.
847 3159 850 3166 .
1022 3136 1025 3141 <

252 3228 254 3232 ’
347 3236 366 3297 J
378 3255 461 3296 oan.
483 3234 557 3296 VI.=
602 3234 681 3296 Caro
702 3255 768 3296 mea
788 3246 844 3296 etc.
866 3247 902 3296 ut
922 3237 954 3295 in
973 3246 1068 3297 textu.

347 3364 372 3423 I.
394 3364 480 3440 Con
501 3362 556 3430 X.:
591 3362 676 3424 Calin
694 3346 924 3444 benedictionis,
946 3366 997 3425 cui
1008 3340 1228 3442 benedicimus,
1246 3386 1318 3426 non-

264 3490 304 3530 ne
324 3472 556 3530 communicatio
579 3471 730 3553 sanguinis
739 3469 852 3529 Christi
867 3471 936 3531 est?
958 3484 988 3532 et
1005 3475 1101 3557 panis2
1124 3493 1218 3553 quem
1239 3474 1318 3551 frans

155 3599 159 3607 ·
263 3577 370 3658 gimns‚
392 3596 493 3636 nonne
519 3577 711 3659 participatio
734 3578 873 3660 emporis
904 3578 1028 3638 Domini
1060 3578 1123 3638 est?
1168 3579 1318 3655 Quoniam

263 3700 343 3739 unus
363 3684 460 3765 panis,
481 3701 579 3742 unum
599 3700 715 3765 corpus
736 3683 822 3743 multi
841 3704 964 3760 sumus,
987 3704 1089 3744 omnes
1113 3685 1166 3765 qui
1198 3685 1238 3746 de
1259 3701 1317 3745 uno

262 3807 342 3870 pane
368 3788 592 3871 participamus.
634 3788 677 3852 Et
701 3791 906 3874 paulopost:
948 3791 1019 3852 Non
1047 3793 1174 3874 pote'ins
1198 3791 1318 3854 calicem

261 3891 386 3954 Domini
407 3888 523 3970 bibere}
545 3907 576 3957 et
593 3893 715 3957 calicem
740 3897 987 3958 daemoniorum:
1007 3898 1077 3958 Non
1100 3901 1230 3981 potestis
1240 3916 1322 3961 meu·

260 4019 312 4061 sae
331 4001 455 4065 Domini
476 3994 639 4087 participes
660 4024 733 4082 esse,
755 4016 791 4091 et·
806 4024 925 4066 mensae
946 4005 1204 4067 Daemoniorum:

343 4129 483 4197 Matth.
506 4131 669 4196 xxvl11.=
712 4133 755 4207 Et
773 4151 843 4211 ecce
868 4147 924 4215 ego
953 4133 1110 4207 vobiscum
1127 4156 1200 4199 sum
1222 4133 1319 4198 omni·

260 4231 319 4298 bus
340 4236 459 4319 diebus,
482 4259 581 4324 usque
601 4228 953 4343 adcousummatiouem
974 4242 1077 4333 seculi
1146 4316 1169 4329 ,-
