2782 4786
224 251 304 391 ,m
459 291 1046 363 unsaeaauunro

229 496 345 582 judicis
367 489 519 550 ordinem:
541 485 624 545 illius
646 493 692 543 est
714 503 825 543 munus
846 482 903 542 ista
925 480 1102 556 discutere,
1131 498 1208 538 non
1227 489 1309 542 tunm

228 586 279 644 Tu
301 597 403 638 servus
416 572 552 647 ultimus,
573 590 637 630 non
657 567 808 641 Dominus
836 586 877 626 es.
921 567 996 627 Ovis
1029 565 1185 646 ipsese,
1219 580 1306 646 parro-

230 688 295 728 rem
320 661 385 722 noli
405 660 528 718 curiose
555 653 727 728 discutere,
759 671 797 711 ne
820 652 896 732 'ejus
922 669 1049 732 quoqne
1074 649 1224 708 criminis
1245 671 1301 711 raas

229 750 371 819 tenearis,
392 765 454 824 quo
477 741 561 800 illum
582 758 724 798 accusare
754 737 931 817 praesumis.
975 735 1016 794 Et
1036 754 1106 815 quo
1129 733 1243 809 modo,
1261 738 1298 794 in-

230 854 329 918 quies,
350 830 384 889 id
406 826 481 887 mihi
507 826 600 898 dicit,
636 820 722 903 quod
745 822 809 903 ipse
834 841 896 880 non
922 818 1016 878 facit?
1060 818 1139 877 Non
1176 817 1237 878 tibi
1255 821 1300 902 ipse

232 921 321 980 dicit:
344 935 412 973 nam
445 913 470 970 si
500 909 543 968 illi
566 906 779 988 obtemperas,
809 903 946 964 mercede
973 903 1131 984 privaris:
1154 964 1161 972 ,
1182 902 1305 965 Christus

230 1005 308 1064 haee
337 999 495 1058 admonet:
538 992 614 1052 Plus
637 989 756 1070 aliquid
778 988 886 1065 dicam,
908 985 1064 1047 nePaulo
1090 987 1230 1067 quidem
1244 988 1305 1058 abe·

233 1090 300 1148 dire
325 1092 466 1165 oportet,
487 1079 513 1138 si
535 1075 610 1158 quid
644 1075 754 1134 dixerit
775 1074 954 1156 proprium,
978 1073 1004 1130 si
1031 1071 1115 1152 quid
1138 1071 1307 1148 humanum,

234 1171 289 1233 sed
309 1164 460 1250 Apostolo
482 1161 639 1222 Christum
659 1161 689 1218 in
710 1180 743 1219 se
765 1158 939 1238 loquentem
962 1156 1215 1218 circumfer-enti.
1252 1159 1309 1218 Non

235 1258 330 1337 igitur
351 1251 447 1310 aliena
467 1248 647 1319 indicemus,
673 1264 727 1305 sua
752 1245 886 1323 quisque
912 1242 1059 1301 discutiat
1084 1244 1249 1324 vitamque
1272 1243 1309 1303 di·

234 1338 354 1420 judicet
380 1354 474 1392 suam.
516 1330 557 1390 At
575 1325 748 1403 dehet-ille,
766 1330 897 1409 inquies,
920 1325 1027 1386 melior
1048 1346 1118 1385 esse
1143 1349 1244 1408 quam
1257 1349 1309 1412 ego.

236 1425 299 1482 Car
321 1415 476 1479 obsecro?
513 1416 602 1489 Quia
630 1411 776 1473 sacerdos
805 1425 859 1473 est.
902 1411 946 1470 Et
965 1409 1119 1491 quidnam
1150 1411 1251 1472 habet
1270 1413 1310 1472 ille

237 1505 365 1589 amphus
385 1523 475 1584 quam
495 1492 551 1559 tul
573 1519 637 1558 non
658 1495 791 1570 labores,
822 1516 884 1555 non
910 1515 1065 1577 angores,
1099 1516 1166 1554 non
1200 1517 1311 1557 aerum-

236 1589 311 1651 nasi
352 1588 456 1647 Debet
476 1604 540 1644 esse
559 1572 590 1642 le
618 1581 745 1641 melior?
790 1580 877 1655 Quid
899 1578 997 1660 ergo?
1038 1578 1110 1639 Nisi
1133 1583 1176 1642 sit
1198 1581 1309 1658 melior,

238 1687 268 1734 te
291 1676 390 1756 ipsum
412 1669 517 1752 perdis
546 1688 581 1727 ac
609 1668 741 1750 perimis.
796 1664 875 1723 Sunt
895 1663 988 1722 verba
1016 1664 1073 1723 ista
1107 1665 1202 1746 plena
1230 1687 1310 1727 arro·

238 1761 367 1842 gantiae.
409 1753 497 1814 Unde
519 1754 596 1812 enim
616 1753 708 1826 nosti,
728 1747 816 1808 illum
840 1761 945 1809 tenen
963 1768 1028 1807 esse
1049 1749 1234 1811 meliorem?
1255 1752 1312 1811 Fu·

238 1857 336 1917 ratur,
360 1841 489 1921 inquies,
503 1848 533 1895 et
551 1836 717 1918 sacrilegus
742 1846 796 1893 est
850 1833 939 1892 Unde
961 1831 1024 1891 hoc
1040 1837 1135 1910 nosti,
1158 1857 1180 1896 ο
1201 1835 1310 1896 homol

240 1947 296 1986 cur
317 1938 347 1983 te
367 1927 466 2003 ipsum
486 1940 544 2001 per
566 1920 748 2000 praecipitia
769 1916 919 2000 impellis?
962 1915 1078 1999 Nempe
1103 1921 1129 1978 si
1155 1922 1226 2001 quis
1250 1921 1312 1979 dix·
1334 1914 1338 1923 ’

239 2010 306 2080 erit,
329 2005 380 2064 ille
404 2023 573 2085 purpuram
588 2002 703 2077 habet,
723 2004 859 2082 quamvis
885 2000 917 2059 id
943 2002 1037 2076 scias,
1057 2023 1163 2063 aurem
1185 2003 1310 2063 obruis:

238 2091 315 2151 etsi
336 2108 464 2171 arguere
485 2087 592 2166 possis,
610 2087 753 2166 protinus
775 2084 882 2160 resilis,
912 2097 1004 2166 teque
1020 2087 1097 2143 seire
1120 2086 1310 2162 dissimulas,
1344 2120 1350 2139 a

237 2175 345 2237 nolens
375 2173 468 2255 gratis
495 2168 598 2228 subire
634 2167 817 2251 periculum.
861 2169 948 2245 Quid
977 2188 1040 2250 ergo
1068 2165 1130 2226 hoc
1163 2168 1195 2226 in
1226 2168 1304 2228 loco

238 2255 411 2343 perieulum
433 2256 551 2314 minime
568 2255 777 2337 ¹necessarium
805 2255 959 2334 suscipis?
999 2251 1065 2312 Non
1090 2263 1297 2326 carentlreatu

68 2357 135 2399 nau.
151 2345 316 2406 msshaec
342 2341 443 2401 verba.
487 2337 580 2415 Audi,
603 2338 677 2419 qnid
711 2338 820 2405 dixerit
847 2336 1063 2399 CHRISTUSr
1102 2337 1182 2396 Dico
1205 2349 1306 2396 autem

241 2429 340 2496 vobis,
364 2425 451 2507 quod
475 2443 563 2485 omne
585 2422 712 2482 verbum
732 2423 942 2504 quodcunque
963 2422 1087 2504 loquuti
1106 2421 1224 2482 fuerint
1246 2419 1308 2481 ho-

240 2517 346 2586 mines,
373 2510 502 2570 reddent
520 2510 667 2569 rationem
696 2508 734 2568 de
753 2528 791 2569 eo
813 2509 843 2566 in
879 2508 929 2566 die
954 2507 1082 2587 judicii.
1123 2506 1185 2566 Cur
1209 2519 1241 2565 te
1263 2507 1312 2588 ip-

144 2598 149 2611 '
241 2620 308 2657 sum
328 2596 438 2675 quovis
455 2593 625 2652 ‘arbitraris
652 2612 715 2652 esse
747 2589 921 2652 meliorem?
963 2592 1030 2652 Cur
1059 2613 1122 2652 nou
1145 2592 1313 2674 ingemiscis

241 2683 346 2763 magis,
369 2698 404 2736 ac
423 2690 531 2758 pectus
552 2675 665 2750 tundis,
680 2687 773 2756 atque
797 2677 829 2735 in
854 2675 982 2736 humum
1006 2676 1144 2759 respicis,
1169 2674 1312 2737 imitando

241 2765 359 2831 felicem
379 2759 598 2842 publicanuml
641 2760 805 2831 Etsicnim
828 2760 938 2819 melior
964 2762 1018 2837 sis,
1039 2760 1103 2821 hac
1126 2760 1219 2825 foeda
1239 2763 1311 2821 exis-

240 2847 397 2907 timatione
424 2856 477 2902 tua
493 2856 600 2903 cuncta
622 2843 793 2926 perdidisti.
835 2844 950 2904 Melior
972 2845 1026 2904 esl
1050 2858 1139 2918 tace,
1162 2857 1200 2904 ut
1218 2846 1309 2929 persi-

240 2944 300 2992 stas
328 2951 391 2990 esse
416 2926 540 2987 melior:
564 2926 691 3008 quodsi
717 2928 995 3010 loquaris„omnia
1025 2929 1201 2990 exinanisti.
1243 2929 1310 2989 site

240 3032 330 3100 putas
349 3035 421 3088 esse,
448 3012 566 3072 desisti:
589 3015 614 3072 si
631 3033 691 3071 uon
712 3025 813 3094 putas,
836 3012 964 3073 multum
985 3033 1061 3072 sane
1087 3015 1263 3096 profecisti.
1282 3013 1309 3071 Si
1335 3016 1340 3029 '

240 3104 329 3173 enim,
353 3100 405 3179 qui
418 3108 565 3180 peccator
582 3097 754 3171 advenerat,
779 3096 834 3155 ubi
855 3098 1012 3158 confessus
1037 3110 1096 3174 est,
1129 3097 1308 3179 justificatus

240 3182 423 3245 descendere
443 3184 571 3240 meruit:
595 3183 649 3261 qui
663 3192 815 3262 *peccator
839 3202 899 3240 nou
931 3193 985 3258 est,
1009 3193 1041 3240 et
1077 3203 1148 3243 esse
1169 3205 1202 3243 se
1222 3192 1307 3266 putat,

241 3269 315 3351 quid
335 3273 419 3339 toro)
453 3286 513 3324 uon
538 3264 730 3324 lucrabitur?
753 3277 900 3344 quantum
927 3286 963 3325 ex
988 3285 1023 3325 ea
1055 3263 1236 3328 humilitate
1259 3268 1309 3326 suis

241 3352 365 3434 adjiciet
394 3348 579 3413 commodis?
622 3347 724 3408 Vitam
745 3359 827 3407 tuam
846 3349 1021 3430 diligentius
1043 3350 1182 3411 discute.
1225 3350 1306 3424 Audi,

66 3429 319 3520 firmum-quid
344 3435 427 3493 dieat
456 3433 621 3493 admonens
649 3429 781 3493 Paulus:
837 3433 924 3516 Opus
947 3447 1047 3494 autem
1080 3456 1180 3495 sunm
1214 3434 1311 3520 probet
1351 3484 1353 3505 Ι

243 3521 465 3599 unusquisque,
485 3527 515 3574 et
537 3531 612 3576 tnnc
639 3516 670 3576 iu
691 3519 851 3602 semetipso
875 3529 993 3578 tantum
1010 3516 1149 3580 habebit
1183 3521 1308 3605 gloriam,
1351 3512 1353 3521 ’

245 3619 275 3667 et
287 3624 350 3664 non
374 3605 405 3660 in
426 3601 531 3660 altero.
572 3601 649 3661 Nam
669 3601 730 3677 die,
748 3623 824 3677 orn,
850 3604 876 3661 si
902 3605 1021 3662 saucius
1045 3601 1262 3683 proficiscaris
1277 3599 1309 3662 td

243 3688 407 3760 medicum,
428 3706 500 3744 num
521 3686 633 3745 omissa
650 3706 726 3747 eura
746 3686 882 3747 vulneris
915 3688 960 3746 tui
991 3687 1137 3748 studiose
1170 3691 1305 3751 medicum

241 3773 440 3856 percontaris,
461 3769 571 3828 vulnus
594 3768 645 3827 ille
668 3768 781 3831 habeat
805 3791 860 3830 nec
886 3791 939 3830 ne:
983 3769 1030 3829 Au
1057 3793 1138 3832 vero
1167 3788 1201 3839 ct
1223 3778 1246 3835 si
1264 3769 1304 3829 ille

239 3861 279 3919 sit
298 3858 426 3930 saucius,
448 3853 559 3914 vulnus
581 3865 669 3913 tuum
689 3855 808 3916 idcirco
831 3877 894 3916 non
916 3875 1003 3915 curas
1032 3852 1197 3938 dicisque,
1219 3875 1308 3921 sanum

238 3943 324 4002 illum
346 3961 409 4001 esse
431 3938 581 4021 oportuit,
606 3938 742 4000 medicus
764 3962 833 4000 cum
852 3939 911 4000 siti
965 3939 1101 4015 Quando
1125 3963 1210 4006 vero
1234 3959 1312 4005 senus

236 4026 372 4085 medicus
390 4045 453 4086 non
475 4034 529 4098 est,
552 4020 697 4093 abscedo,
715 4024 825 4084 vulnus
839 4045 953 4085 mecum
964 4021 1139 4099 insanabile
1164 4023 1315 4091 reserens?

234 4107 393 4187 Numquid
415 4108 538 4168 enimsi
563 4106 705 4169 sacerdos
726 4110 821 4169 malus
843 4111 899 4183 sit,
933 4107 1004 4168 inde
1037 4109 1195 4175 solatium
1224 4112 1319 4195 capiet
1346 4156 1355 4169 .

234 4191 395 4252 subditus?
436 4191 657 4258 trinitatum.
699 4191 857 4257 Caeterum
879 4189 968 4259 dabit
986 4190 1038 4278 ille
1064 4194 1204 4275 quidem
1228 4196 1319 4262 scele-
1352 4260 1355 4265 .

71 3252 138 3296 uarat
146 3262 166 3302 s,
175 3260 196 3299 t.
