2790 4792
291 361 404 427 ero
425 356 507 422 rx·
522 352 736 439 nentur
756 357 773 421 1
792 348 879 427 tn.
1002 314 1010 327 ⁴
1062 369 1141 436 aas

60 569 180 613 exoras.
222 548 336 630 Aeque
346 545 391 608 itti
414 568 482 606 eum
503 542 667 627 snper-tetr
679 544 962 629 lacrymas'ugont3
979 538 1134 625 ¹{iliristus

50 636 193 715 ..patitun
220 631 493 711 Ch1·istusBat1·em
510 630 712 713 deprecatur·
744 627 853 709 Facile¹
867 631 1045 712 impetretur
1055 650 1133 689 sem·
1222 684 1226 698 ,

59 738 132 798 per,
154 717 239 799 quod
260 716 339 777 filius
365 716 508 797 postulat.
552 714 679 774 Grande
700 712 791 796 plane
817 706 1132 773 dmoluiiieittumssve-

10 850 12 855 .
63 803 239 877 racundiae,
258 801 421 861 occultatio
445 799 547 859 delicti
563 798 739 879 pollicetur.
781 795 934 858 Videlicet
945 800 969 857 si
983 793 1057 878 quid
1070 797 1131 859 hu·

63 905 170 944 manae
191 887 313 947 notitiae
341 884 585 957 subduxerimus,
606 881 751 964 proinde*
774 892 805 939 et
828 872 1131 943 Deum'celabimus.
1169 910 1172 915 ·
1195 895 1198 899 '
1229 924 1233 930 ,

61 967 192 1032 Adeone
213 969 390 1030 existimatio
416 968 573 1026 hominum
596 977 628 1024 et
647 956 712 1024 ,bei
739 966 926 1025 conscientia
951 971 1132 1048 comparan-

60 1052 140 1110 tur?
181 1052 226 1111 An
247 1053 362 1121 melius·
376 1062 421 1110 est
449 1049 758 1120 damnatumlatere,
786 1068 876 1130 quam
902 1047 1002 1128 palam
1023 1048 1131 1108 absol-

59 1135 110 1193 vi?
150 1138 297 1197 Miserum
327 1147 382 1210 est,
404 1135 449 1192 sic
475 1133 524 1193 ad‘
538 1134 762 1216 exomologesin
785 1118 955 1215 pervenire.
979 1133 1040 1210 *Et
1057 1151 1291 1215 pos-ewog..

59 1232 123 1279 tear
167 1221 260 1281 side
284 1218 486 1300 exomologesi
509 1229 673 1294 retractas,
694 1216 861 1301 gehennam
884 1217 1033 1277 in'corde
1054 1209 1308 1310 οοη-ξξῗίξὲξῖῗῗω

59 1302 170 1380 sidera,
191 1327 283 1386 quam
307 1303 370 1363 tibi·
387 1300 605 1384 exomologesis
643 1303 804 1384 extinguit:
840 1309 871 1360 et
894 1302 1130 1383 'poena'e'p'rius

56 1389 297 1470 magnitudinem
317 1386 523 1468 immaginare,
537 1398 573 1445 ut
596 1385 641 1465 de-
655 1385 780 1445 remedii
801 1383 967 1465 adeptione
985 1388 1050 1442 non
1066 1379 1131 1442 ¹du-

56 1469 155 1530 bites-
189 1473 306 1531 Iterum
327 1480 399 1552 post
420 1490 532 1550 pauca:
576 1470 676 1552 Igitur
704 1486 778 1528 eum·
802 1471 876 1528 scias
898 1468 1043 1537 adversus
1059 1482 1131 1550 'ge-

56 1553 189 1615 hennam
208 1556 403 1636 postprima
428 1552 478 1612 illa
505 1555 694 1613 intinctionis
724 1553 905 1611 Dominica'e
937 1554 1127 1626 monimenta,

57 1656 123 1698 esse
144 1634 247 1696 adhuc
266 1640 298 1695 in
319 1635 520 1719 exomologesi
551 1637 684 1697 secunda
715 1634 875 1712 subsidia,
910 1658 967 1695 eur
1001 1633 1296 1720 satutemronnntjeo

56 1735 142 1786 tuam
163 1720 300 1779 deseris?
343 1721 405 1780 Cur
436 1742 532 1780 cessas
556 1722 691 1804 aggredi,
713 1720 799 1802 quod
818 1719 1025 1780 scias'mederi
1045 1696 1308 1789 tibitliligiiniui

58 1807 166 1865 Mutae
188 1803 312 1883 quidem
340 1807 454 1864 animae
476 1818 506 1865 et
520 1804 708 1903 irragionales
724 1805 897 1883 ¹medicinas
922 1806 982 1865 sibi
1013 1805 1126 1863 divini·
1137 1785 1239 1881 ffiffdl
1252 1778 1304 1822 ’ὼ

55 1899 108 1946 tus
131 1887 293 1948 attributas
316 1889 348 1947 in
367 1901 503 1970 tempore
524 1900 701 1972 agnoscunt.
745 1889 857 1951 Gervu's
870 1924 873 1931 ·
887 1892 996 1973 sagitta
1009 1898 1012 1903 '
1024 1900 1127 1948 trans-

54 1969 155 2045 fixu's‚·
168 1981 202 2031 ut
214 1968 331 2031 ferrum
356 1985 387 2032 et
407 1973 620 2034 irrevocabiles
644 1992 742 2032 moras
765 1976 832 2053 ejus
855 1972 899 2033 vde
918 1973 1052 2047 ··iulner'e
1073 1993 1126 2032 ex·
1148 2022 1151 2031 .
1177 2004 1179 2009 v

52 2054 157 2138 pellat,
180 2057 236 2114 scit
264 2055 324 2115 sibi
348 2050 712 2117 dictamnomedendum.
756 2056 897 2116 Hiruirdo
923 2061 953 2117 si
982 2053 1303 2123 excaeca-Apomifflfl·

53 2142 135 2199 verit
154 2137 264 2220 pullos,
287 2141 371 2199 novit
391 2139 461 2200 illos
493 2141 615 2201 oculare
650 2140 772 2202 rursus'
790 2142 829 2201 de
849 2162 904 2200 sua
939 2117 1279 2219 chelidonialiii‘giiiff'

55 2221 208 2283 Peccator
229 2223 415 2284 restituendo
437 2224 494 2283 sibi
516 2228 685 2286 institutam
709 2247 727 2284 a
745 2225 878 2283 Domino
902 2225 1125 2304 exomologesin
1135 2213 1203 2253 ⁰²⁸¹·
1214 2215 1235 2253 ⁴³
1248 2210 1282 2249 ³⁰⁸

59 2307 163 2380 sciens,
184 2305 363 2389 praeteribit
385 2307 486 2384 illam,
507 2330 586 2389 qnae
617 2307 824 2382 Babylonium
845 2327 946 2387 regem
979 2309 1010 2364 in
1034 2324 1127 2386 regna

59 2391 209 2451 restituit?
250 2392 323 2452 Diu.
341 2393 422 2452 enim
440 2392 660 2472 poenitentiam
691 2391 824 2447 Domino
845 2388 1034 2463 immolarat,
1056 2407 1127 2469 sep-

58 2476 139 2533 tenni
160 2474 302 2555 squalore
324 2474 549 2556 exomologesin
572 2481 729 2554 operatus,
745 2473 892 2554 unguium
921 2470 1075 2530 leoninum
1096 2472 1128 2529 in

56 2557 181 2619 modum
205 2557 399 2635 efferatione,
433 2567 464 2616 et
490 2555 596 2639 capilli
630 2556 747 2614 incuria
773 2554 936 2615 horrorem
957 2554 1127 2635 aquilinum

80 2640 259 2702 caelerente.
300 2640 386 2700 Proh
409 2639 505 2698 malae
522 2639 729 2699 tractationis:
773 2639 871 2714 Quem
894 2638 1033 2699 homines
1054 2656 1127 2721 per-

55 2663 236 2800 lorrebant,
257 2727 341 2783 Deus
373 2722 551 2804 recipiebat
596 2724 708 2782 Contra
740 2735 838 2783 autem
866 2723 1045 2808 Aegyptius·
1066 2725 1125 2783 im·

55 2819 194 2892 perator,
224 2809 279 2886 qui
298 2806 451 2889 populum
473 2807 530 2867 Dei
556 2807 723 2888 aliquando
744 2809 965 2868 afflictum-diu
984 2809 1121 2868 Domino

54 2915 114 2953 suo
135 2891 316 2971 denegatum
336 2903 524 2970 persecutus,
549 2893 582 2952 in
603 2891 750 2974 praelium
770 2894 871 2970 irruit,
893 2904 963 2976 post
994 2905 1041 2952 tot
1063 2893 1124 2951 do-

55 2984 198 3039 cumenta
223 2971 387 3054 plagarum,
408 2974 538 3037 discidio
558 2977 659 3051 maris,
683 2977 767 3058 qnod
796 2977 852 3036 soli
880 2976 996 3059 populo
1020 2978 1124 3057 pervi—
1154 3030 1156 3035 .

55 3081 111 3120 um
129 3055 251 3131 licebat,
282 3049 427 3117 revolutis
451 3057 591 3120 fluctibus
612 3062 702 3143 perit.
744 3061 970 3121 Poenitentiam
995 3061 1132 3139 enimet

53 3141 263 3205 ministerium
285 3141 353 3222 ejus
380 3142 602 3226 exomologesin
627 3143 789 3205 abiecerat.
832 3143 919 3219 Quid
949 3164 1005 3225 ego
1042 3141 1125 3200 ultra

55 3229 96 3289 de
122 3226 187 3304 istis
208 3223 329 3286 duabus
350 3225 497 3286 hnmanae
520 3228 627 3288 salutis
650 3231 738 3308 quasi
773 3227 904 3301 Pharis,
928 3228 1000 3300 styli
1021 3227 1125 3307 potius

53 3312 220 3395 negotium,
250 3331 339 3390 quam
357 3311 494 3371 officium
510 3312 712 3374 conscientiae
735 3333 818 3372 meae
836 3309 976 3379 ourans‘l,
1009 3309 1126 3370 Pecca-

53 3408 108 3456 tor
129 3395 210 3454 enim
229 3397 364 3454 omnium
385 3407 526 3455 notarum
547 3418 617 3456 cum
639 3399 705 3474 sim,
728 3419 784 3458 nec
814 3394 871 3455 ulli
896 3399 940 3455 rei
966 3396 1023 3453 nisi
1046 3414 1125 3476 poe-

55 3481 313 3552 nitentiaenatus,
340 3476 402 3537 non
427 3479 515 3539 facile
545 3500 669 3560 possum
693 3504 783 3564 super
818 3481 871 3541 illa
890 3493 1001 3554 tacere,
1033 3485 1124 3558 quam

55 3565 120 3646 ipse
142 3582 268 3643 quoque
300 3573 332 3622 et
350 3565 455 3644 stirpis
493 3563 642 3624 humanae
671 3578 700 3626 et
729 3566 859 3626 offensae
891 3567 923 3626 in
953 3564 1123 3622 'Dominum

55 3649 199 3730 princeps
224 3646 332 3723 Adam,
358 3647 560 3730 exomologesi
592 3650 748 3712 restitutus
766 3653 800 3731 in
824 3648 997 3735 paradisum
1021 3666 1118 3724 suum,

55 3751 117 3792 non
137 3741 246 3791 tacet.-

142 3828 171 3882 7.
214 3814 422 3875 ORJGENES
439 3814 579 3875 *homilia
608 3815 658 3884 ll.
688 3817 719 3874 in
754 3814 909 3874 Psalmum
940 3810 1118 3877 xxxvii:

58 3898 206 3959 Omnibus
241 3901 334 3982 igitur
375 3897 499 3982 flagellis
535 3899 708 3970 emendari,
746 3898 962 3977 verberarique
992 3908 1115 3977 paratus

57 4003 141 4058 sum,
164 3994 194 4043 et
219 3982 295 4042 nibil
331 3982 442 4043 horum
475 4005 604 4059 recuso,
628 3994 746 4043 tantum
770 3994 805 4041 ut
835 3981 984 4062 supplicia
1003 3981 1116 4041 aeterni

52 4068 131 4149 ignis
150 4065 298 4150 effugiam.
340 4068 407 4150 Ego
429 4071 461 4128 in
484 4067 602 4152 flagella
624 4078 748 4151 paratus
765 4086 841 4142 sum,
866 4076 896 4125 et
914 4063 1005 4125 dolor
1028 4084 1112 4124 meus

50 4170 156 4212 coram
180 4172 228 4211 me
258 4163 304 4211 est
325 4172 453 4236 semper.
495 4152 573 4214 Ante
605 4149 712 4213 oculos
742 4171 824 4211 meos
852 4149 952 4210 habeo
976 4148 1268 4212 dotorennneen

45 4254 166 4316 meum,
192 4244 229 4297 ut
252 4236 375 4299 futuros
403 4258 570 4323 poenarum
600 4236 738 4313 dolores,
765 4234 1111 4323 praesentibuspossim

1133 2795 1205 2840 Exodi
1222 2801 1254 2845 tlt,
1267 2800 1299 2839 22·

1133 2863 1167 2904 sq.
