2782 4786
303 327 860 402 scemurense.
1035 343 1122 417 ‚131

138 518 503 596 IDEM-chrysostomum
524 516 606 577 hom
631 529 682 597 24.
705 519 737 576 in
757 517 783 578 Ι.
805 517 893 597 Con,
922 517 962 581 de
983 538 1125 580 eommu-

52 604 146 670 niorie
180 602 460 689 corporis-,Christi
496 600 645 684 loquons'e
682 602 758 662 Cum
780 601 899 664 honore
920 617 951 664 et
970 604 1123 674 munditia

53 695 139 753 omni
159 692 197 752 ad
216 694 315 761 Deum
336 687 532 748 accedamuse
553 698 593 747 et.
609 687 735 766 qnando
759 686 791 746 id
810 691 1005 770 propositum
1033 690 1121 749 vide.-

53 778 151 853 deris,
192 775 242 835 dic
263 781 379 834 tecumr
404 771 555 853 Propter
572 771 634 830 hoc
658 791 770 851 corpus
798 792 862 830 non
886 773 1016 855 amplius
1035 784 1121 834 terra

53 872 85 923 et
106 863 182 921 einis
200 881 257 943 ego
282 879 363 919 sum:
376 904 382 915 .
395 878 456 917 non
475 854 606 936 amplius
630 857 784 937 captivus,
808 855 861 915 sed
886 855 975 917 liber.
1016 857 1121 941 Prop-

53 943 210 1018 ter-hoc,
226 943 347 1023 carlom.
362 940 396 1002 et
418 961 497 1022 quae
522 941 617 998 ineo
637 937 721 999 bona
738 950 831 1016 sunt,
855 961 902 1000 me
921 953 1118 1021 accepturum

53 1049 161 1112 spero:
181 1027 349 1110 Propterea
373 1021 571 1084 immortalem
586 1025 690 1099 vitam,
710 1022 886 1106 angelorum
897 1025 1007 1102 sedem,
1026 1026 1119 1086 Chri·

55 1115 94 1173 sti
111 1112 368 1172 consuetudinem.
396 1110 479 1168 ·Hoc
499 1127 613 1188 corpus
626 1107 771 1181 affixum,
793 1108 998 1187 verberatum,
1019 1122 1118 1172 morte
1127 1122 1190 1165 taem
1198 1138 1290 1181 eorpus,

53 1198 168 1257 rictum
195 1217 256 1255 non
284 1207 338 1255 est.
381 1193 448 1253 Hoc
473 1212 583 1273 corpus
605 1191 649 1251 sol
672 1190 852 1252 crucifixum
873 1192 996 1267 videns,
1015 1175 1293 1272 radiosllffiffll‘:

55 1282 172 1342 avertit.
214 1281 350 1360 Propter
372 1275 432 1336 hoc
451 1287 481 1336 et
498 1272 599 1336 velum
621 1277 725 1358 templi
748 1278 874 1337 scissum
889 1289 934 1337 est
954 1271 1277 1360 etpet1·ae‚g{{¹³²‘·³²

55 1376 84 1425 et
112 1376 196 1425 terra
226 1365 368 1422 universa
398 1361 531 1420 tremuit.
582 1361 649 1420 Hoe
674 1360 753 1419 idem
778 1381 894 1442 corpus
917 1349 1268 1425 cruentatummimt.

54 1446 155 1509 lancea
182 1447 397 1516 vulneratum,
418 1445 520 1514 sontes
550 1438 704 1526 sanguinis
721 1457 751 1504 et
775 1465 871 1525 aquae
889 1446 1035 1504 universo
1049 1423 1171 1505 orbi⁵¹'

54 1532 202 1594 salutares
223 1528 390 1589 scaturivit.
433 1526 474 1586 Et
496 1528 590 1610 paulo
612 1539 699 1610 post:
729 1527 870 1589 Christus
893 1527 993 1600 medio
1010 1526 1122 1588 draco-

56 1618 104 1677 nis
125 1625 233 1673 ventre
255 1621 347 1692 rupto
369 1620 460 1690 atque
484 1612 656 1692 discerpto,
680 1624 710 1672 et
735 1612 833 1688 adytis
850 1612 1030 1673 clarissimus
1049 1634 1121 1673 eva-

55 1702 120 1773 sit,
145 1709 177 1755 et
191 1695 433 1754 radiosnon··ad
450 1694 509 1754 hoc
531 1717 630 1777 usque
659 1695 793 1772 caelum,
815 1697 869 1756 sed
890 1696 929 1756 ad
951 1698 1052 1778 ipsum
1065 1717 1121 1757 ευ,

55 1800 190 1865 pernum
207 1777 351 1837 thronum
370 1778 492 1838 dimisit.
534 1779 611 1839 llluc
631 1775 761 1860 namque
785 1783 883 1862 ipsum
896 1780 1011 1856 extulit,
1031 1780 1135 1861 quod·

55 1866 149 1924 etiam
162 1861 252 1922 nobis
272 1860 407 1922 exhibuit
415 1905 425 1939 ,
437 1876 478 1923 et
493 1875 529 1922 ut
545 1874 736 1941 teneremus,
758 1877 789 1924 et
806 1877 840 1924 ut
849 1865 1117 1931 manducaremus:
1129 1821 1296 1911 dltllllll..

55 1947 144 2031 quod
166 1948 323 2005 marimum
344 1945 515 2007 dilectionis
538 1950 660 2029 signum
680 1959 733 2008 est
777 1949 864 2024 Quos
883 1951 962 2009 enim
974 1919 1197 2026 amamus,iiiiii
1211 1918 1282 2019 §llll

54 2051 275 2111 nonnunquam
311 2032 401 2090 etiam
418 2024 531 2091 *morsu
555 2034 694 2114 petimus.
747 2032 851 2109 Quare
871 2034 933 2095 Job
953 2045 989 2092 ut
1010 2017 1295 2119 servo-llsskulffln,

57 2118 126 2177 rum'
150 2116 181 2173 in
211 2134 243 2173 se
273 2111 405 2173 amorem
440 2115 627 2192 ostenderet,
661 2116 785 2177 dicebat
805 2117 875 2177 illos
901 2139 1117 2200 saepenumero
1129 2128 1285 2214 Jgfflssm

57 2200 155 2260 nimio
185 2199 215 2256 in
249 2218 280 2258 se
304 2219 409 2258 amore
434 2200 561 2260 dixisset
583 2201 660 2276 Quis
681 2202 735 2261 det
757 2201 795 2261 de
820 2202 963 2261 carnibus
978 2204 1061 2281 ejus,
1084 2211 1121 2261 ut
1176 2191 1182 2206 ⁸
1231 2189 1239 2213 ⁹
1288 2188 1295 2203 ’
1337 2200 1342 2207 ’

57 2281 248 2345 saturemurl
289 2284 395 2344 lta-'et
415 2283 555 2343 Christus
584 2305 669 2343 suam
689 2305 810 2344 earnem
833 2285 919 2343 dedit
942 2284 1052 2358 nobis,
1084 2295 1122 2343 ut
1219 2302 1222 2309 *

59 2389 96 2429 ea
122 2362 348 2444 saturaremur,
371 2388 434 2449 qno
456 2389 511 2428 nos
537 2369 567 2426 in
585 2367 750 2448 plurimum
778 2369 825 2426 sui
854 2367 989 2426 amorem
1016 2366 1126 2426 allexit.

59 2453 128 2513 Hoc
156 2470 271 2534 corpus
298 2453 333 2511 in·
360 2453 499 2534 praesepi
533 2449 658 2509 reveriti
679 2461 751 2510 sunt
769 2452 873 2532 Magi,
909 2463 941 2517 et
959 2453 1018 2510 viri
1041 2451 1126 2532 impii

61 2549 97 2598 et·
126 2534 250 2596 barbari
277 2533 371 2618 longo
394 2537 502 2596 itinere
525 2532 689 2606 confecto,
726 2554 794 2593 cum
815 2536 924 2595 timore
944 2546 975 2594 et
994 2540 1126 2595 tremore

59 2620 193 2705 plurimo
222 2616 437 2681 adoraverunt.
492 2618 541 2676 Tu
560 2637 635 2677 vero
655 2637 718 2676 non
739 2620 769 2676 in
791 2621 929 2701 praesepi
943 2619 998 2696 ¹id,
1020 2620 1074 2678 sed
1094 2621 1126 2683 iu

60 2704 165 2767 altaria
187 2726 250 2766 non
272 2704 448 2778 mulierem,
472 2721 550 2782 quae
572 2703 610 2759 in·
624 2701 702 2761 ulnis
724 2714 841 2780 teneat,
863 2704 917 2763 sed
938 2703 1127 2764 sacerdotem

59 2799 268 2877 praesentem,
288 2799 342 2847 ‘et'
355 2787 502 2867 Spiritum
527 2786 708 2867 perabunde
729 2808 822 2870 super
838 2791 1005 2874 proposito
1031 2788 1109 2848 diffu

59 2871 298 2937 tumsacrifreio
319 2871 411 2930 vides.
455 2870 496 2930 Et
528 2880 599 2952 post
623 2891 740 2953 pauca:
758 2874 869 2954 Neque
888 2873 1033 2956 angelos,
1072 2894 1128 2932 ne·
1194 2946 1197 2951 Ι
1277 2936 1280 2946 .

61 2978 126 3041 que
159 2956 378 3037 archangelos,
411 2976 474 3015 non
507 2955 627 3031 caelos,
667 2977 730 3016 non
752 2957 852 3017 caelos
879 2957 1052 3033 caelorum,
1074 2956 1127 3016 sed

59 3044 68 3059 ’
93 3062 164 3101 sum
187 3038 300 3121 horum
320 3042 452 3099 omnium
474 3039 532 3098 tibi
554 3041 718 3100 Dominum
740 3042 878 3102 ostendo.
929 3041 1132 3099 Animadver-

56 3140 98 3189 ω
121 3143 255 3205 quonam
276 3135 385 3204 pacto,
410 3123 494 3204 quod
516 3126 650 3183 omnium
671 3128 831 3192 maximum
860 3136 906 3184 est
933 3135 1027 3203 atque
1045 3142 1129 3206 prae-

59 3212 190 3293 eipuum
211 3209 243 3267 in
270 3219 374 3282 terra,
407 3228 468 3266 non
489 3210 671 3290 conspicaris
692 3220 824 3285 tantum,
860 3207 915 3268 sed
936 3209 1050 3290 tangisr
1072 3227 1209 3285 κιο-Μ

59 3314 124 3377 qne
158 3291 257 3352 solum
275 3294 412 3374 ·tangis‚
464 3290 518 3350 sed
557 3292 711 3370 comedis,
763 3304 793 3354 et
831 3312 868 3353 eo
902 3304 1030 3374 accepto
1054 3291 1130 3351 do-

63 3397 147 3441 mum
169 3376 261 3436 redis.

84 3502 88 3509 -
148 3459 404 3520 PRESBYTERI
436 3457 583 3534 Achaiae,
622 3460 654 3519 in
673 3499 676 3503 ,
693 3457 825 3520 historia
860 3460 956 3519 sancti
989 3455 1129 3519 Andreae
1141 3478 1168 3535 ι’
1188 3482 1304 3539 „pm

64 3542 225 3629 Apostoli:
255 3545 466 3628 Omnipotenti
488 3546 555 3602 Deo
577 3543 692 3626 (inquit
722 3544 875 3622 Andreas)
897 3564 954 3629 ego
976 3546 1057 3642 omni
1081 3543 1305 3637 diefflffigff·

64 3628 230 3705 sacrifico,
267 3649 331 3688 non
363 3628 461 3688 thuris
491 3628 629 3703 tamum,
667 3648 722 3688 nec
755 3628 914 3688 hircorum
943 3648 1129 3711 sangumem,
1140 3644 1202 3703 lapus
1219 3648 1248 3685 ae
1262 3654 1305 3706 cu.

64 3734 123 3775 uec
145 3726 303 3774 taurorum
324 3714 521 3795 mugientium
544 3732 669 3788 carnes,
700 3712 754 3791 sed
776 3713 999 3773 immaculatum
1020 3734 1130 3795 agnum
1140 3699 1306 3802 22¹3&ssssssssssss

67 3798 209 3879 quotidie
230 3799 260 3855 in
282 3795 369 3856 altari
392 3800 493 3856 crucis
513 3792 668 3856 sacrificor
690 3799 779 3877 cujus
797 3817 912 3872 carnes,
933 3810 1131 3879 posteaquam
1143 3797 1247 3873 sunum.

67 3887 167 3941 omnis
184 3879 318 3965 populus
340 3880 528 3941 credentium
547 3881 792 3956 manducaverit,
820 3894 849 3940 et
870 3883 938 3961 ejus
959 3883 1133 3964 sanguinem
1171 3931 1177 3947 ,

67 3965 202 4043 biberit,
232 3985 342 4049 agnus,
373 3967 427 4046 qui
448 3963 634 4025 sacrificatus
668 3976 727 4042 est,
762 3967 877 4048 integer
897 3977 1070 4046 perseveret
1104 3976 1136 4024 et

67 4051 174 4123 vivas,
207 4061 237 4109 et
268 4069 338 4108 cum
368 4070 440 4109 vere
470 4048 658 4111 sacrificatus
686 4050 744 4124 sit,
778 4062 809 4110 et
840 4069 912 4108 vero
941 4069 1047 4111 carnes
1068 4050 1136 4129 ejus
1148 4089 1210 4134 vm
1218 4085 1314 4132 nantu-

71 4132 274 4195 manducatae
294 4136 391 4194 sinte
410 4134 537 4219 populo,
556 4146 593 4193 'et
618 4154 688 4195 vere
708 4135 829 4218 sanguis
851 4133 920 4215 ejus
940 4136 981 4194 sit
999 4133 1138 4210 haustus,
1150 4146 1232 4181 center
1246 4143 1297 4190 05¹¹·

73 4229 183 4278 ‘men'
197 4220 246 4297 (ut
266 4217 344 4299 (13¹5)
366 4219 483 4302 integer
504 4230 681 4304 permanet,
714 4230 745 4279 et
766 4217 975 4290 immaculatas
994 4229 1026 4282 et
1044 4200 1241 4285 meacm*

883 4342 908 4401 9
922 4325 942 4367 e

1136 2496 1207 2541 Nota.
1237 2500 1248 2517 ‘³

147 4459 174 4555 t

249 4608 256 4635 Ι
