2782 4786
220 302 356 436 ssm‘
443 310 1078 425 ¹nusaenaaannro

411 539 675 642 subrepsisset,
701 538 796 612 nihil
821 536 1105 650 praejudieapet
1122 539 1292 616 Ecclesiae

413 684 452 740 et
475 660 738 738 innocentibus
754 663 993 736 Christianisa
1022 662 1182 759 quihus
1196 667 1285 738 Doni-

62 794 106 848 ιο)
119 795 201 837 Μ·
216 799 258 844 2⁵·
272 799 295 843 ἓ»
411 815 482 862 nus
506 785 722 889 providens,
748 786 801 857 ait
826 786 872 859 de
887 786 1126 885 Praepositis
1151 767 1284 860 maliu⁵

418 915 526 1012 Quae
550 912 694 1000 dicunt,
706 906 848 1010 facite.-
873 933 968 1003 quae
987 919 1133 982 autem
1148 908 1287 1008 fuciunt,

398 1033 531 1132 facere
556 1037 681 1107 nolite.
731 1035 834 1108 Haec
858 1031 1107 1131 Augustinus.

540 1243 992 1331 scararuaau
1056 1195 1072 1252 ³

316 1437 399 1498 Aet.
416 1429 489 1496 V1.=
530 1429 697 1515 Eleger'unt
717 1430 906 1516 Stephanum
926 1430 1028 1490 virum
1049 1429 1185 1513 plenum
1206 1431 1287 1494 fides!

232 1544 350 1628 Spiritu
371 1553 485 1620 sancto,
504 1553 535 1602 et
553 1539 747 1625 Philippum,
771 1551 801 1601 et
819 1536 1036 1616 Pessimum,
1058 1550 1091 1600 et
1114 1539 1286 1616 Nicanorem,

231 1663 261 1710 et
282 1653 448 1726 Timonem,
467 1660 498 1718 et
519 1648 707 1724 Parmenam,
729 1660 759 1709 et
780 1644 938 1708 Nicolaum
965 1645 1117 1706 advenam
1139 1647 1286 1709 Antioche·

230 1779 311 1818 num
361 1759 425 1817 Hos
454 1768 629 1818 statuerunt
661 1769 731 1820 ante
767 1766 965 1838 conspectum,
996 1754 1246 1836 Apostolorum:
1271 1764 1301 1813 et

146 1904 150 1909 -
231 1876 361 1939 orantes,
391 1866 603 1946 imposuerunt
619 1866 667 1945 eis
695 1885 809 1925 manus.
860 1860 1034 1945 Stephanus
1063 1874 1167 1922 autem
1195 1862 1288 1945 plenu

231 1971 327 2049 gratia
349 1979 379 2026 et
410 1968 611 2048 fortitudine,
642 1962 773 2034 seuiebat
793 1970 936 2057 prodigia
958 1979 988 2028 et
1021 1970 1107 2051 signa
1135 1950 1291 2051 maguain

228 2071 361 2154 populo.
402 2072 603 2136 Sura-exerunt
623 2091 722 2139 autem
745 2079 868 2160 quidam
890 2076 928 2136 de
954 2094 1105 2155 synagoga,
1128 2094 1211 2152 quae
1238 2096 1292 2155 ap-

228 2179 362 2264 pellatur
383 2178 630 2262 Libertiuorum,
652 2197 683 2246 et
704 2168 930 2263 Cyrenensium,
956 2196 985 2245 et
1000 2177 1281 2252 Alexandrinorum,

229 2299 260 2347 et
282 2308 397 2364 eorum,
423 2292 583 2370 quierant
605 2312 622 2352 a
641 2290 747 2352 Cilicia
769 2303 799 2353 et
820 2292 903 2370 Asia,
926 2293 1108 2375 disputantes
1129 2307 1199 2345 cum
1218 2285 1281 2345 Ste-

128 2444 131 2449 ,
227 2393 340 2480 phano.
382 2395 424 2456 Et
445 2404 665 2484 nonpotera'ut
684 2396 825 2462 resistere
849 2402 1016 2484 sapientiae
1037 2411 1069 2460 et
1081 2395 1212 2479 spiritui,
1237 2412 1285 2474 qur

228 2501 426 2584 loquebatur.

311 2610 396 2671 Act
419 2611 523 2672 xalta
563 2613 810 2676 Ministrautibus
821 2625 922 2674 autem
941 2613 1001 2673 illis
1013 2613 1146 2673 Domino
1161 2622 1193 2672 et
1213 2612 1284 2692 jeju,

227 2719 381 2792 nantibus,
404 2720 477 2779 dixit
499 2718 630 2811 Spiritus
650 2734 789 2786 sanctus:
833 2721 994 2809 Segregate
1025 2719 1102 2782 mihi
1122 2721 1245 2779 Saulum
1265 2726 1288 2778 et

227 2825 396 2890 Barnahanr
420 2828 450 2884 in
472 2846 559 2908 opus,
583 2827 622 2886 ad
643 2828 729 2911 quod
751 2830 897 2910 assumpsi
919 2848 978 2886 eos,
1022 2827 1114 2887 Tune
1136 2830 1285 2919 ieiunantes

228 2948 259 2996 et
285 2947 415 3008 orantes,
438 2934 685 3021 imponentesque
711 2936 752 2994 eis
775 2955 896 3007 manus,
914 2916 1116 2995 ''dimiserunt
1137 2934 1216 2997 illos.
1254 2933 1283 2992 Et

228 3045 287 3126 ipsi
313 3043 435 3124 quidem
456 3044 538 3102 missi
566 3063 582 3102 a
606 3044 723 3128 Spiritu
746 3054 866 3119 sancto,
889 3041 1035 3102 abierunt
1058 3040 1281 3118 Seleuciam‚st

228 3151 299 3214 inde
322 3144 537 3233 navigaverunt
567 3148 719 3234 Cyprum,
757 3162 786 3209 et
820 3171 890 3210 cum
916 3152 1070 3210 venissent
1106 3151 1279 3226 Salaminam,

227 3248 444 3340 praedicabant
465 3259 597 3318 verbum·
613 3260 670 3318 Dei
684 3260 715 3316 in
729 3260 889 3340 synagogis
911 3258 1117 3318 ludaeorum.

288 3363 389 3423 Ἀοῐ.
411 3366 516 3428 XIV.:
558 3367 681 3431 Reversi
706 3377 776 3430 sunt
796 3365 943 3440 hystrum,
966 3375 995 3423 et
1015 3366 1177 3443 Iconium,
1198 3365 1283 3427 atala·

226 3470 381 3549 tioehiam,
401 3471 756 3557 confirmantesanimos
779 3471 1008 3563 discipulorum.
1053 3472 1101 3532 Et
1137 3497 1206 3537 eum
1224 3494 1284 3534 eon·

227 3579 393 3636 stituissent
415 3576 476 3638 illis¹
493 3601 549 3671 per
567 3581 697 3671 singulas
718 3579 858 3639 ecclesias
877 3577 1087 3667 presbyteros
1115 3595 1149 3643 et
1171 3590 1285 3645 orassent

227 3705 295 3748 curu
316 3677 559 3762 ieiunationibus,
583 3674 870 3773 commendaverunt
891 3708 941 3746 eos
963 3689 1119 3750 Domino.

309 3771 389 3853 Aet.
411 3793 498 3856 XV.:
541 3776 635 3856 Faeta
664 3816 737 3877 ergo
769 3795 921 3856 seditione
950 3792 1279 3873 aroulminimal‘aulo
1323 3862 1325 3867 ,

228 3913 257 3960 et
278 3899 433 3960 Barnabae
452 3902 696 3979 adversus‘illos,
712 3913 894 3979 statuerunt,
912 3912 948 3962 ut
967 3902 1180 3968 ascenderent
1190 3904 1285 3966 Paulus
1323 3914 1325 3919 '

229 4022 259 4067 et
280 4009 441 4087 Barnabas,
463 4022 493 4070 et
511 4006 636 4093 quidam
655 4010 706 4070 alii
727 4031 761 4069 er
784 4009 868 4084 aliis,
891 4009 931 4068 ad
953 4007 1129 4091 Apostolos
1154 4024 1186 4076 et
1211 4014 1288 4074 Pres-

229 4113 355 4186 byteros
376 4119 406 4176 iu
424 4116 590 4178 Jerusalem
610 4139 703 4200 super
715 4117 774 4176 hac
803 4121 990 4196 quaestione.
1033 4117 1182 4183 Ibidem:
1217 4123 1288 4201 ‘Per-

232 4220 540 4294 ambulabamus
566 4223 858 4307 <Baulaasisyriaua
879 4237 912 4305 et
930 4224 1089 4304 Ciliciam,
1113 4228 1288 4327 confirmant
