2790 4792
308 294 868 413 secessistis-u-
943 358 951 367 ·
1033 332 1118 417 aot

42 543 104 584 uec
123 521 239 604 probo.
281 518 496 599 Unusquisque
519 508 601 578 enim
622 518 655 578 in
676 516 741 577 suo'
755 538 845 578 sensu
866 518 1011 583 abundet.
1055 524 1117 586 Sed

42 610 186 688 ipsorum
208 605 415 668 conscientiam
435 604 608 676 convenio,
631 604 684 682 qui
710 601 814 661 eodem
838 604 886 664 die
905 618 977 686 post
1001 611 1116 669 coitum

45 680 288 751 communicant:
320 700 349 747 et
375 689 462 768 juxta
481 687 631 762 Persium,
654 698 775 746 noctem
814 687 935 748 flumine
961 709 1112 775 purgante
1158 699 1294 761 Communis

45 796 143 854 quare
164 775 202 834 ad
224 785 368 848 martyres
389 775 434 831 ire
458 791 521 830 non
541 771 678 829 audenti
722 792 815 852 quare
846 784 921 831 non'
936 748 1256 856 ingrediun-illll⁸2⁵‹l.¹ca

44 871 102 916 tus·
125 858 281 919 ecclesias?
325 856 373 916 Au
398 856 475 916 alius
505 861 536 913 in
555 854 700 935 publico,
723 855 800 914 alius
830 858 861 915 in
881 858 976 918 domo
999 860 1115 923 Christi

42 942 112 1000 est?
153 943 246 1018 Quod
281 943 313 1001 in
343 941 470 1000 ecclesia
502 938 673 1014 nonlicet,
703 959 758 997 nec
791 940 875 1000 domi
909 940 988 1002 licet.
1031 945 1116 1005 Nihil

41 1026 111 1086 Deo
138 1027 273 1087 clausum
296 1039 356 1100 est,
380 1037 411 1083 et
431 1020 575 1081 tenebrae
609 1043 736 1104 quoque
767 1023 870 1084 lucent
892 1026 975 1107 apud
1004 1029 1114 1088 Deum.

124 1125 153 1178 6·
196 1108 426 1173 CONCILIU'M
445 1106 581 1165 Trident.
610 1126 680 1166 sess.
711 1120 761 1173 21.
784 1129 849 1190 cap.
884 1123 931 1176 1.:
976 1111 1037 1172 Sed
1059 1110 1292 1171 ne-Jotnniseexto
1333 1130 1337 1141 ι

1125 1171 1172 1197 110ss
1191 1175 1266 1203 minus

40 1215 103 1274 que
125 1217 159 1255 ex
180 1217 319 1257 sermone
342 1192 408 1266 illo,
430 1190 514 1271 apud
534 1191 680 1250 loannem
702 1204 797 1266 sexto,
828 1206 911 1253 necte
948 1195 1114 1278 colligitur,
1127 1210 1268 1267 elumbem
1326 1217 1336 1231 ·

39 1281 200 1361 utriusque
220 1280 333 1361 speciei
357 1275 599 1333 communionem
616 1297 642 1359 'a
670 1277 802 1334 Domino
821 1276 1016 1359 pbaeceptam
1042 1301 1115 1353 esse,
1127 1268 1292 1356 l‘lll'i'lll‘let.

40 1375 198 1444 utcunque
218 1366 302 1444 juxta
321 1363 419 1417 varias
436 1370 609 1418 sanctorum
626 1370 747 1441 patrum
773 1371 803 1418 et
833 1360 997 1420 doctorum
1020 1353 1292 1456 ἰηῖει·-ζξξ,ξξ““““ἰ·

41 1452 229 1528 pretationes
256 1443 456 1582 intelliqatur.
512 1442 649 1523 Namque
672 1445 726 1522 qui
754 1443 845 1504 dixit:
888 1445 954 1504 Nisi
986 1448 1117 1507 mandu-

24 1534 182 1590 >cavebitis
208 1547 329 1587 carnem
383 1524 414 1582 lii
441 1524 583 1603 hominis,
606 1538 636 1586 et
665 1526 805 1588 biberitis
830 1531 896 1609 ejus
930 1535 1116 1613 sanguinem,

43 1636 105 1675 non
131 1613 286 1673 habebitis
310 1612 403 1668 vitam
422 1610 452 1668 in
475 1609 577 1680 vobis3
601 1611 675 1670 dixit
696 1632 835 1693 qnoque:
879 1614 912 1694 Si
930 1619 1011 1695 quis
1030 1638 1291 1697 man-toan.s‚ss.u1‘.

44 1699 208 1757 ducaverit
240 1716 274 1777 ex
294 1693 353 1768 hoc
379 1713 476 1774 pane,
498 1697 579 1754 vivet
605 1697 636 1754 in
660 1709 825 1778 aeternum.
868 1693 997 1779 Et'qui
1023 1701 1116 1761 disits
1171 1748 1175 1765 .

44 1785 112 1857 Qui
138 1778 300 1839 manducat
322 1798 416 1837 meam
432 1796 563 1856 carnem.
591 1792 621 1840 et
640 1779 721 1839 bibit
737 1802 836 1841 meum
851 1786 1037 1865 sanguinem,
1060 1786 1118 1845 ha·
1166 1779 1169 1785 ’

44 1866 101 1925 bet
129 1867 220 1923 vitam
249 1874 418 1931 aeternams
445 1863 521 1923 dixit
551 1865 654 1925 etiam:
696 1864 799 1942 Panis,
826 1886 915 1948 quem
933 1890 989 1951 ego
1022 1871 1117 1948 dabo,

45 1971 119 2008 caro
141 1968 206 2007 mea
229 1959 273 2006 est
292 1967 349 2028 pro
369 1946 474 2004 mundi
499 1949 569 2007 vita.
613 1949 654 2007 Et
675 1949 808 2030 denique
834 1954 888 2032 qui
916 1949 1007 2014 dixit:
1034 1954 1114 2030 Qus

42 2033 207 2093 manducat
229 2038 322 2089 meam
352 2050 488 2106 carnem,
512 2043 543 2090 et
568 2030 649 2093 bibit
680 2054 779 2092 meum
801 2039 994 2118 sanguinem,
1014 2040 1115 2100 inme

44 2130 161 2192 manet,
190 2128 221 2199 et
245 2135 301 2198 ego
329 2117 361 2172 in
388 2113 457 2184 illo;
491 2115 567 2176 dixit
591 2117 809 2180 nihilominus:
855 2121 919 2196 Qui
951 2123 1116 2185 manducat
1187 2143 1192 2163 t

42 2202 126 2263 hune
145 2221 262 2283 panem,
281 2201 359 2259 vivet
376 2200 407 2256 in
428 2210 592 2259 aeternum.

129 2298 157 2354 7,
199 2283 453 2343 AUGUSTINUS
473 2287 563 2365 epist.
581 2297 631 2351 86.
653 2285 692 2343 ad
717 2285 872 2344 Casulan.:
915 2285 989 2345 Dies
1011 2306 1266 2350 resur-stastum.

44 2370 189 2432 rectionis
214 2370 347 2444 Domini,
367 2370 466 2448 prima
486 2369 607 2426 sabbati
626 2388 643 2425 a
667 2368 833 2439 Matthae0‚
862 2389 879 2426 a
906 2373 1033 2428 caeteris
1058 2391 1111 2429 au·
1124 2354 1263 2447 ῗῖξζζξξ’ῗζ

45 2468 107 2515 tem
130 2453 230 2515 tribus
254 2473 311 2512 una
328 2451 448 2512 sabbati
464 2451 605 2509 dicitur:
628 2470 718 2530 quem
744 2463 863 2509 constat
876 2472 943 2509 eum
962 2473 1034 2528 esse,
1061 2451 1275 2540 quiffiu‘qssqj·

46 2541 228 2599 Dominicus
245 2551 349 2619 postea
369 2534 537 2617 appellatus
567 2544 619 2591 est.
662 2532 724 2591 Aut
756 2555 829 2616 ergo
855 2546 927 2616 post
955 2551 1113 2618 peractum
1124 2547 1199 2606 ates¹

48 2624 127 2684 diem
147 2622 276 2695 sabbati,
303 2622 399 2678 noctis
424 2619 515 2676 initio
536 2617 659 2675 fuerant
679 2621 874 2702 congregati,
903 2640 981 2700 quae
1005 2598 1289 2704 utiquelilllssi¹l⁹lls
1359 2633 1360 2638 ’

46 2730 104 2771 nox
128 2711 191 2789 jam
215 2706 254 2764 ad
280 2706 359 2762 diem
384 2703 599 2777 Dominicum,
630 2699 689 2760 hoc
708 2715 775 2785 lest,
803 2704 841 2781 ad
875 2726 965 2764 unam
993 2694 1283 2784 sabbatiglfflfflgn„

44 2791 233 2878 pertinebat:
257 2789 350 2845 etita
375 2785 479 2843 eadem
500 2797 588 2846 nocte
611 2785 764 2847 fracturus
788 2794 905 2870 panem,
926 2793 1005 2849 sient
1027 2793 1288 2884 tran-ququam*

46 2882 129 2962 gitur
148 2879 179 2933 in
200 2881 386 2931 sacramento
411 2873 550 2951 corporis
575 2870 744 2948 CHRISTI,
764 2874 909 2954 produxit
943 2896 1113 2936 sermonem
1145 2855 1272 2897 ”mum

44 2981 143 3041 usque
168 2957 207 3016 ad
226 2954 356 3013 medium
381 2955 495 3030 noetis,
519 2965 554 3014 ut
573 2968 643 3038 post
656 2972 839 3017 sacramenta
863 2958 1024 3034 celebrata,
1041 2983 1114 3019 rur-

45 3067 97 3107 sus
131 3060 229 3121 usque
262 3037 300 3096 ad
331 3037 498 3097 diluculum
531 3041 689 3120 alloquens
724 3053 939 3124 congregatos,
970 3039 1115 3120 quoniam

46 3127 180 3190 multum
201 3121 379 3197 festinabat,
400 3121 571 3186 lucescente
589 3123 840 3209 proficisceretur
867 3126 1029 3184 Douunico
1056 3127 1115 3187 die.
1170 3174 1175 3195 .,

48 3213 112 3273 Aut
133 3218 214 3269 certe
234 3220 290 3266 etc.
1085 3236 1088 3241 ·

136 3307 166 3362 8.
209 3289 531 3352 CHRYSOSTOMUS
553 3289 676 3351 homilia
703 3305 750 3360 17.
778 3292 877 3373 operis
891 3291 1059 3374 imperfecti
1085 3297 1116 3355 in

49 3379 175 3442 Maean:
218 3376 312 3437 Aliud
336 3388 381 3435 est
406 3372 614 3452 sanctificatio,
636 3377 718 3435 aliud
733 3407 736 3412 ·
751 3373 978 3436 sanctificatum.
1022 3378 1118 3439 Sanc-

49 3464 178 3526 tificatio
205 3465 283 3523 enim
298 3464 352 3535 est,
372 3459 457 3539 quod
477 3458 603 3519 alterum
617 3460 799 3520 sanctificat:
822 3459 1042 3520 sanctificatum
1061 3485 1118 3522 au-

49 3562 110 3610 tem
151 3548 278 3607 alterum
313 3542 500 3604 sanctificare
531 3562 594 3602 non
625 3548 747 3627 potest,
785 3549 920 3626 quamvis
949 3549 1049 3628 ipsum
1077 3550 1119 3625 sit

50 3645 209 3694 sanctum:
230 3634 271 3690 Ut
288 3640 363 3711 puta
381 3631 480 3710 signas
502 3648 610 3710 panem
622 3642 719 3704 tuum,
747 3650 836 3708 quem
850 3629 1023 3703 manducas,
1037 3634 1115 3694 sicut
1129 3657 1147 3684 ι.
1164 3643 1251 3692 τίω.
1268 3654 1290 3690 s

53 3720 94 3779 ait
111 3716 250 3777 Paulus:
283 3711 496 3772 Sanctificatus
525 3714 603 3770 enim
622 3734 676 3795 per
701 3713 827 3771 verbum
854 3715 913 3772 Dei
939 3725 968 3773 et
998 3719 1115 3777 oratio*-

51 3823 136 3863 uem:
159 3797 351 3860 sanctificasti
372 3817 450 3871 eum,
479 3817 543 3855 uon
569 3796 668 3856 fecisti
701 3797 976 3860 sanctificationem.
1020 3800 1115 3876 Quod

50 3884 308 3946 autemsace1·dos
336 3882 375 3941 de
390 3878 480 3939 manu
501 3902 554 3940 sua
581 3880 649 3957 dat,
680 3901 739 3938 non
763 3881 861 3939 solum
899 3880 1116 3946 sanctificatum

51 3976 113 4047 est,=
130 3970 183 4030 sed
205 3971 293 4029 etiam
314 3963 512 4026 sanctificatio
531 3977 594 4025 est:
618 3966 758 4046 quoniam
771 3964 830 4024 hoc
850 3966 1037 4028 non-solum
1050 3964 1117 4031 ⁸da·-¹

51 4065 119 4131 tur,
165 4053 228 4114 uod
248 4053 390 4127 videtur,
421 4049 590 4111 sedetiam
613 4048 703 4123 illud,
727 4048 813 4129 quod
839 4050 1026 4135 intelligitur.
1068 4056 1116 4114 De

52 4076 239 4199 sanctlbcato
259 4158 333 4219 ergo
357 4156 435 4219 pane
454 4134 536 4195 licet'
548 4146 577 4197 et
601 4132 780 4197 animalibus
796 4137 914 4216 jactare
931 4149 961 4196 et
984 4135 1120 4198 infidetiss

53 4218 112 4284 bus
132 4221 221 4291 dare3
242 4223 314 4309 quia
337 4240 401 4283 non
427 4219 595 4283 sanctificat
616 4219 830 4304 accipientem.
871 4219 905 4280 Si
933 4232 1033 4285 autem
1059 4222 1119 4285 tale

107 4347 217 4392 &nisius
232 4349 258 4391 t.
273 4349 303 4393 ΙΙ.
877 4347 927 4414 14
