2782 4786
283 292 921 370 conr-inuirrouts
1083 309 1132 378 ot

63 509 170 552 veram
188 485 291 551 fidem.
334 480 429 560 Quod
450 481 475 543 si
496 477 558 541 hoc
579 479 651 541 loco
675 481 807 561 quaeris,
829 500 924 562 quare
946 482 979 541 in
994 479 1132 547 Ecclesia

64 577 238 657 baptisatus
258 567 317 632 nisi
332 588 389 652 per
411 586 514 625 manus
536 565 708 645 Episcopi,
742 585 805 624 non
826 567 958 646 accipiat
979 567 1130 649 Spiritum

61 670 201 719 sanctum
213 701 223 732 ,
253 675 342 737 quem
362 670 417 710 nos
441 650 600 709 asserimus
627 649 663 713 in¹
682 668 756 709 vero
786 647 967 730 baptismate
1011 651 1127 712 tribuis

60 741 146 803 disce
166 740 245 800 hauc
267 734 509 798 observationem
531 752 565 791 ex
587 751 623 797 ea
634 734 816 793 auctoritate
826 734 1018 810 descendere,
1041 735 1128 816 quod

60 838 134 908 post
154 844 308 884 ascensum
330 819 459 881 Domini
477 816 620 898 Spiritus
637 827 760 877 sanctus
792 816 832 876 ad
862 815 1034 899 Apostolos
1055 820 1126 882 des·
1135 837 1215 882 serm.
1233 849 1255 892 t.
1268 847 1302 899 eg

61 908 172 1058 cendi.
213 967 442 1051 CYPRIANUS
464 983 503 1043 de
525 984 673 1047 unctione
696 979 864 1043 chrismatis
878 994 908 1043 et
930 960 994 1046 aliis
1013 984 1302 1073 Sacra-mmm,

59 1076 186 1135 mentis:
207 1074 307 1134 Hodie
330 1076 369 1135 in,
382 1068 519 1140 Ecclesia
543 1088 617 1145 cum·¹
633 1068 758 1126 caeteris
780 1067 978 1128 unctionibus
998 1070 1038 1131 ad
1087 1073 1302 1142 ostonintctrt.

57 1159 162 1242 pulum
182 1157 390 1239 acquisitionis
411 1149 679 1223 sanctificandum,
709 1151 740 1209 in
760 1151 1033 1293 1participationem
1053 1093 1184 1239 dig-iii?
1200 1127 1291 1172 ΝΜ

60 1244 159 1302 nitatis
182 1254 211 1301 et
232 1242 381 1313 nominis,
404 1256 526 1297 sacrum
546 1233 677 1295 chrisma
699 1254 757 1292 con
782 1236 883 1308 citur,
908 1237 940 1294 in
963 1257 1026 1318 quo
1047 1240 1124 1297 mir-

58 1337 121 1385 tum
143 1324 212 1384 oleo
233 1325 401 1384 balsamum
423 1321 523 1401 regiae
546 1329 576 1378 et
608 1317 806 1380 sacerdotalis
839 1315 954 1398 gloriae
985 1322 1127 1400 exprimit
1137 1322 1241 1411 ἓξιῐιωι
1256 1344 1298 1390 pn.

58 1412 211 1484 unitatem,
234 1407 349 1488 quibus
371 1400 569 1485 dignitatibus
591 1400 747 1462 initiandis
780 1401 923 1461 divinitus
957 1412 1001 1463 est
1021 1407 1126 1465 unctio
1137 1386 1193 1462 tuf
1196 1378 1287 1421 ⁰²⁵⁰*

10 1482 12 1487 ⁵
59 1495 209 1555 instituta.
253 1491 295 1549 Et
314 1486 409 1568 paulo
431 1497 514 1566 post:
554 1484 665 1559 Hodie,
684 1495 720 1543 ut
733 1484 872 1555 diximus,
887 1497 1073 1566 unguentum
1088 1487 1128 1549 ad

59 1572 331 1635 sanctificationem
353 1582 499 1651 paratur,
524 1570 614 1648 cujus
646 1569 810 1649 fragrantia
824 1567 1075 1631 adolescentulae
1096 1583 1127 1633 et

56 1657 196 1719 novellae
217 1656 342 1727 animae,
365 1651 546 1710 accedentes
573 1652 612 1711 ad
637 1650 748 1728 fidem,
773 1652 891 1711 illectae
925 1651 1123 1732 delectantur,

58 1753 90 1798 et
110 1738 320 1798 exinanitionis
343 1736 408 1815 ejus
429 1737 572 1794 suavitate
593 1734 756 1811 delibutae,
780 1735 913 1818 diligunt
935 1747 965 1794 et
986 1757 1123 1818 sequnn-

58 1833 114 1880 tur
136 1833 301 1879 aromatum
326 1818 509 1900 largitorem,
532 1831 561 1878 et
590 1824 687 1900 usque
707 1816 746 1878 ad
764 1822 842 1901 regis
859 1818 1032 1878 accubitum
1054 1824 1121 1903 spi-

18 1952 21 1961 .
56 1906 175 1964 ramine
195 1902 248 1963 illo
269 1901 442 1978 trabuntur,
467 1914 498 1961 et
519 1914 591 1982 post
613 1904 739 1962 odorem
755 1902 840 1962 illum
858 1902 975 1984 ubique
997 1904 1120 1966 deside-

10 2014 12 2027 *
55 1991 103 2049 rio
138 1999 243 2048 sancto
274 1999 455 2068 perurgente
487 1985 661 2047 sitibundae
690 1986 884 2053 ‚discurrunt
919 1986 1028 2048 ‚Nihil
1053 1987 1234 2051 bocoirone

57 2072 155 2132 oleum
178 2089 336 2130 commune
358 2068 451 2129 habet
470 2090 539 2129 cum
560 2069 754 2151 liquoribus,
776 2073 830 2153 qui
860 2092 894 2130 ex
914 2063 1237 2152 quorumdamllifi'*
1247 2061 1300 2152 die·

56 2155 211 2218 fructuum
231 2153 414 2235 pinguedine
430 2154 650 2234 exprimuntur,
673 2150 729 2213 n'ee
746 2159 792 2215 vis
814 2150 881 2234 ejus
906 2167 952 2214 est
977 2177 1012 2214 ex
1032 2152 1172 2217 cras-”¹⁸
1188 2120 1268 2209 ‘¹³3⁹‘-

53 2237 188 2298 situdine
210 2237 403 2319 penetrativa,
426 2257 504 2318 quae
523 2238 692 2298 secundum
711 2238 857 2319 quasdam
883 2239 1033 2298 naturales
1066 2261 1119 2300 ra·

55 2323 156 2382 tiones
177 2321 295 2380 emollit
314 2332 345 2380 et
356 2331 503 2402 temperat
521 2323 720 2402 spissamenta
739 2321 915 2395 humorum,
936 2299 1291 2400 quosf‚s01etiliifi'¹⁸¹¹²⁰'

55 2406 237 2468 intrinsecus
259 2404 442 2489 adstringere
463 2407 582 2463 siccitas
605 2403 715 2483 aliqua,
735 2403 785 2462 vel
805 2405 968 2483 corruptio
990 2405 1121 2486 conglo-

53 2486 140 2550 bare.
181 2487 252 2548 Non
274 2486 349 2547 baec
371 2488 528 2548 medendis
550 2485 739 2567 corporibus
758 2497 802 2545 est
829 2486 938 2560 unctio
962 2484 1119 2548 institutae
1217 2495 1219 2498 ’

56 2574 131 2653 quia
146 2569 337 2632 sanctificatis
361 2571 513 2631 elementis
534 2571 597 2648 jam
625 2589 689 2627 non
709 2571 837 2652 propria
859 2566 967 2650 natura
980 2571 1120 2650 praebet

56 2654 214 2736 effectum,
227 2655 282 2716 sed
302 2649 400 2714 virtus
421 2654 687 2734 divinapotentius
708 2665 862 2735 operatur,
883 2651 936 2713 sed
957 2652 1043 2741 adest
1066 2677 1120 2715 ve·

55 2741 244 2822 titas‘signo,
266 2750 297 2797 et
317 2736 450 2818 Spiritus
473 2741 674 2813 sacramento,
701 2748 737 2795 ut
757 2748 787 2797 et
809 2739 880 2820 ipsis
902 2737 1120 2799 rerum'effici-

56 2825 147 2882 eotiis
168 2824 280 2905 gratiae
303 2820 432 2901 dignitus
456 2831 567 2902 pateat,
591 2833 621 2882 et
644 2819 785 2881 interiori
806 2821 931 2898 bomini,
950 2834 1064 2902 quantu
1083 2844 1119 2883 ex

56 2903 105 2967 bis
130 2906 222 2965 detur
255 2905 435 2980 auctoritas,
466 2904 597 2964 deformi
619 2907 844 2966 conversatione
874 2918 905 2965 et
940 2905 1118 2966 caelestibus

29 3045 34 3057 ,
55 2989 198 3051 moribus
219 2989 396 3045 innotescat.
438 2988 506 3048 Hoc
527 2989 595 3049 oleo
624 2989 792 3069 antiquitus
809 2986 997 3048 'sacerdotes
1019 3010 1119 3048 sacra-

55 3071 177 3134 bantur
199 3082 230 3128 et
253 3089 346 3151 reges,
367 3081 396 3129 et
416 3073 472 3153 ipsi
492 3071 642 3144 altarium·
658 3071 773 3155 lapides
794 3072 934 3146 delibuti,
956 3073 1120 3152 spiritalem

58 3153 189 3236 intelligi
217 3151 361 3213 volebant
390 3157 482 3214 sacris
513 3158 663 3231 mysteriis
691 3159 787 3238 ipesse
815 3154 1037 3238 pinguedinem.
1079 3154 1122 3214 Et
1145 3163 1149 3176 ·

58 3242 140 3302 sicut
164 3235 266 3296 oleum
286 3233 394 3312 fluitat,
416 3248 447 3295 et
467 3237 600 3298 humidis
622 3237 811 3321 quibuslibet
840 3234 1045 3318 superfertur,
1065 3238 1122 3297 =ita

59 3321 235 3393 excellentia
255 3319 449 3381 sacerdotalis
470 3334 500 3381 et
515 3325 613 3404 regiae
633 3323 785 3405 dignitatis
804 3319 970 3381 secundum
994 3320 1121 3379 formam

59 3400 169 3467 Dei'et
190 3403 351 3464 CHRISTI
369 3402 427 3463 sub
450 3423 482 3463 se
505 3407 604 3464 omnia
625 3408 793 3477 continens,
817 3406 950 3487 regimen
969 3416 999 3463 et
1018 3405 1122 3463 muni·
1225 3420 1232 3431 ¹

59 3509 130 3550 men
156 3499 216 3547 tam
238 3480 361 3562 activae,
383 3500 474 3570 quam
494 3486 740 3570 contemplativae
761 3489 839 3548 vitae
862 3487 997 3546 obtinet:
1031 3499 1060 3545 et
1085 3488 1290 3547 ethim-'²14

61 3571 125 3634 boe
146 3569 274 3634 humore
297 3583 415 3631 constat
434 3570 616 3631 descendere
640 3592 741 3631 omues
759 3571 925 3652 gratiarum
948 3567 1120 3647 divisiones,

64 3675 141 3737 quas
163 3653 293 3737 Spiritus
317 3667 448 3731 sanctus,
470 3652 661 3737 prout-vult,
684 3654 808 3736 singulis
825 3654 989 3717 distribuit
1008 3666 1038 3731 et
1058 3654 1122 3712 lar·
1158 3676 1160 3681 ·

65 3741 157 3823 gitur.
199 3738 245 3796 Et
271 3737 363 3818 hujus
393 3739 547 3797 unctionis
578 3735 728 3796 beneficio
750 3749 780 3797 et
802 3741 948 3821 sapientia
969 3737 1059 3798 nobis
1091 3729 1295 3820 etbeptpmtons

66 3814 238 3882 inielleetus
258 3822 404 3882 divinitus
426 3816 727 3898 ditur,'consilium
756 3833 786 3880 et
810 3821 963 3882 fortitudo
996 3820 1122 3880 caelitus
1132 3809 1234 3897 {233⁸

68 3904 217 3982 illabitur,
238 3906 365 3967 scientia
382 3917 414 3965 et
432 3906 528 3988 pietas
551 3915 582 3965 et
598 3904 693 3965 timor
713 3903 965 3986 inspirationibus
987 3905 1127 3987 supernis
1138 3925 1194 3967 trie
1205 3928 1278 3973 tor.
1335 3910 1338 3915 ’

10 4046 12 4059 ,
71 3987 253 4048 infunditur.
296 3989 364 4048 Hoc
383 3987 450 4048 oleo
472 3990 568 4064 uncti,
593 4009 663 4047 cum
686 3987 872 4068 spiritalibus
896 3989 1038 4070 nequitiis
1062 3987 1130 4048 col·

69 4071 229 4147 luctamur,
250 4091 307 4131 uec
325 4071 497 4132 foetoribus
514 4073 627 4157 spuriis
649 4070 745 4131 imbui
760 4084 946 4154 possumus,
972 4072 1026 4154 qni
1061 4068 1132 4130 bal·

10 4156 13 4171 '
72 4156 148 4214 sami
165 4154 310 4238 spiritalis
333 4153 625 4241 odorefragramus.
665 4155 735 4217 Hoc
761 4155 862 4247 oleum
897 4167 955 4218 ete.
996 4155 1040 4216 Et
1062 4155 1135 4236 qni·

125 4279 234 4326 musto
248 4280 274 4324 r.
288 4279 320 4323 tt.
550 4268 558 4277 '
908 4274 928 4335 6
