2790 4792
238 373 321 446 ‹124
494 364 1069 437 DEesACRAMENTO

244 576 295 615 sus
319 564 384 615 erat
415 552 508 628 mari,
532 550 636 612 divino
664 553 790 635 imperio
824 554 909 634 virga
933 553 1053 628 Moyses
1074 549 1176 632 tetigit
1196 569 1297 631 aquas,

126 699 132 710 ,
245 650 326 699 etse
347 636 430 697 unda
446 637 562 697 divisit:
585 657 647 701 non
667 640 775 718 utique
794 636 961 697 secundum
981 656 1053 697 suae
1077 647 1206 694 naturae
1229 655 1300 693 con-

71 700 221 795 {Sillim
244 721 443 798 suetudinem,
469 719 523 779 sed
544 719 710 780 secundum
727 723 850 804 gratiam
866 720 998 780 caelestis
1019 719 1148 803 imperii.
1190 715 1299 800 Accipe

245 806 349 867 aliud:
393 804 521 865 sitiebat
542 801 686 886 populus,
707 802 846 884 veniebat
867 805 906 864 ad
937 806 1070 881 fontem,
1089 820 1211 861 amarus
1240 813 1308 861 erat

245 893 324 952 fons.
367 890 451 948 Misit
469 887 582 970 lignum
604 900 722 949 sanctus
744 891 862 964 Moyses
883 890 1056 964 insontem,
1078 898 1108 946 ct
1136 885 1234 944 factus
1258 897 1297 945 est

245 975 343 1055 dulcis
358 974 437 1048 sons,
461 978 514 1053 qui
533 992 651 1032 amarus
664 985 749 1048 erat,
769 973 830 1032 Iroc
855 985 915 1048 est,
946 976 1072 1033 mutavit
1101 969 1296 1030 consuetudi-

245 1081 314 1137 nem
336 1069 459 1117 naturae
479 1076 562 1130 suae,
590 1058 709 1138 accepit
740 1056 943 1118 dulcedinem·
957 1060 1080 1140 gratiae.
1129 1052 1246 1136 Accipe
1269 1064 1295 1112 ct

99 1163 195 1204 nutum.
215 1165 235 1203 t·
247 1155 386 1226 quartum
420 1139 604 1221 exemplum:
653 1140 810 1201 Ceciderat
838 1142 955 1201 ferrum
983 1144 1096 1201 securis
1129 1139 1293 1218 in‘aquas:

97 1220 128 1261 ⁰⁸¹
143 1216 163 1254 ⁶¹
177 1215 197 1252 ⁵⁸
247 1231 333 1311 quasi
347 1228 470 1302 ferrum,
491 1245 544 1284 sua
559 1225 778 1284 cousuetudine
799 1227 968 1286 demersum
991 1238 1043 1286 est.
1086 1223 1172 1282 Misit
1195 1220 1301 1303 lignum¹

245 1311 411 1387 Hebraeus,
431 1311 530 1382 statim
546 1308 660 1367 ferrum
683 1308 828 1369 elevatum
852 1322 906 1386 est,
929 1323 958 1369 et
980 1312 1067 1390 aq'uis
1086 1306 1293 1387 supernatavit,

245 1398 353 1476 utique
380 1405 485 1454 contra
518 1392 765 1454 consuetudinem
784 1395 866 1454 l'crri.
910 1395 966 1453 Est
986 1403 1064 1452 enim
1082 1392 1221 1450 materies
1237 1410 1295 1472 gra·

246 1483 325 1554 rior,
351 1501 442 1560 quam
467 1499 613 1560 aquarum
640 1489 684 1536 est
708 1479 895 1539 elementum.
939 1479 984 1536 Ex
1009 1477 1055 1537 his
1079 1478 1174 1558 igitur
1207 1474 1296 1535 omni·

247 1563 306 1625 bus
327 1584 390 1632 non
416 1562 565 1646 intelligis,
584 1574 730 1643 quantum
756 1574 899 1645 operetur
914 1583 1011 1622 sermo
1025 1557 1182 1620 caelestis?
1223 1559 1297 1639 Ergo

247 1637 383 1715 didicisti
403 1659 457 1709 etc.
479 1659 515 1706 ut
536 1667 619 1727 supr.
643 1658 758 1726 quaest.
780 1662 808 1713 2.
829 1648 862 1708 B.
886 1661 914 1712 5.

169 1734 174 1749 '
332 1730 509 1811 *ET-capite
537 1732 659 1810 quinto:
701 1731 756 1791 Vis
778 1734 865 1806 scire,
895 1733 966 1812 quia
994 1729 1094 1789 verbis
1128 1725 1298 1786 caelestibus

78 1814 469 1885 adducitur-consecratur?
510 1813 632 1894 Accipe,
656 1835 736 1894 quae
769 1827 841 1874 sunt
872 1815 973 1874 verba.
1028 1814 1113 1871 Dicit
1144 1809 1296 1871 sacerdos:

75 1879 227 1968 Iltfillffl'
252 1898 413 1962 Facnobis
432 1897 511 1958 banc
532 1896 717 1969 oblationem
744 1898 934 1979 adscriptam,
958 1895 1178 1970 rationabilem,
1202 1915 1299 1976 accep-

253 1981 390 2046 tabilem:
414 1982 500 2064 quod
521 1993 565 2039 est
582 1979 691 2063 ligura
706 1985 845 2063 corporis
869 1995 898 2041 et
923 1984 1074 2063 sanguinis
1097 1980 1225 2039 Domini
1247 1999 1298 2037 no·

217 2123 219 2132 ,
249 2070 304 2128 stri
327 2066 422 2126 JESU
442 2064 612 2124 CHRISTI.
645 2067 716 2141 *Qui
737 2067 853 2146 pridie,
873 2089 960 2147 quam
973 2076 1144 2151 pateretur,
1167 2067 1200 2124 in
1222 2081 1298 2143 sano

248 2153 287 2213 tis
309 2151 449 2213 manibus
469 2150 530 2208 suis
557 2152 672 2231 accepit
688 2170 810 2231 panem,
836 2154 964 2233 respexit
986 2151 1023 2209 ad
1052 2147 1187 2225 caelum,
1206 2146 1244 2206 ad
1270 2156 1295 2204 te

249 2249 350 2297 sancte
370 2248 455 2318 pater
480 2235 671 2315 omnipotens
685 2245 804 2293 aeterne
825 2235 919 2311 Deus,
942 2238 1051 2318 gratias
1071 2253 1177 2316 agens:
1212 2233 1298 2292 bene-

249 2321 336 2395 dixit,
358 2320 467 2404 fregit,
500 2317 693 2399 fractumque
723 2318 878 2400 Apostolis
910 2340 970 2379 suis
997 2331 1026 2377 et
1060 2316 1219 2398 discipulis
1245 2316 1300 2375 suis

250 2405 387 2482 tradidit,
410 2405 530 2463 dicens:
552 2402 689 2485 Accipite
714 2416 743 2463 ct
761 2404 840 2463 edite
866 2425 900 2462 ex
918 2403 980 2463 hoc
1006 2424 1125 2462 omnes:
1168 2402 1239 2482 Hoc
1263 2408 1303 2457 est

251 2494 330 2551 enim
355 2510 468 2570 corpus
488 2509 595 2564 meum,
619 2488 704 2568 quod
728 2508 788 2570 pro
808 2486 908 2546 multis
933 2489 1150 2569 confringetur.
1196 2482 1303 2544 Simili·

250 2577 405 2633 teretium
426 2572 558 2649 calicem,
577 2583 739 2653 postquam
762 2583 919 2638 coenatum
946 2584 999 2647 est,
1021 2571 1120 2653 pridie
1140 2592 1232 2651 quam
1253 2588 1304 2650 pa·

250 2671 376 2733 teretur,
398 2659 523 2737 accepit,
548 2657 679 2738 respexit
698 2657 736 2716 ad
754 2658 878 2732 caelum,
896 2657 935 2716 ad
954 2668 984 2714 te
1015 2665 1117 2733 sancte
1137 2667 1228 2736 pater
1244 2672 1305 2712 om·

250 2744 391 2823 nipotens
414 2753 533 2799 aeterne
546 2740 629 2798 Deus
654 2744 762 2822 gratias
783 2761 888 2824 agens:
911 2739 1074 2812 benedixit,
1096 2738 1255 2819 Apostolis
1277 2746 1304 2794 et

251 2825 405 2904 discipulis
441 2827 502 2882 suis
531 2822 675 2896 tradidit,
698 2826 819 2884 dicens:
859 2826 998 2905 Accipite
1028 2834 1057 2882 et
1084 2822 1183 2882 bibite
1211 2844 1248 2882 ex
1272 2838 1304 2880 eo

252 2930 370 2977 omnes;
395 2907 593 2966 hicestcnim
615 2912 735 2990 sanguis
756 2931 848 2971 meus.
892 2908 971 2968 Vide
987 2907 1110 2989 singula.
1155 2908 1220 2982 Qui
1244 2906 1306 2988 pri·

251 2994 309 3066 die,
333 2995 441 3073 inquit,
464 3012 553 3071 quarn
574 3003 738 3072 pateretur,
763 2997 794 3052 in
818 2996 927 3053 sanctis
952 2993 1088 3052 manibus
1110 2994 1172 3050 suis
1194 2998 1308 3073 accepit

250 3099 367 3161 panem.
409 3075 579 3155 Antequam
601 3090 809 3149 consecretur,
828 3081 914 3160 panis
940 3090 997 3136 est:
1018 3077 1073 3135 ubi
1097 3090 1199 3137 autem
1219 3074 1304 3135 verba

78 3168 139 3254 ³¹¹2?
155 3167 241 3208 0⁰⁰⁸*
252 3157 364 3223 Christi
393 3162 589 3235 accesserint,
612 3181 723 3242 corpus
751 3175 795 3222 est
819 3162 940 3222 Christi.
984 3163 1125 3240 Denique
1158 3162 1234 3221 audi
1261 3157 1306 3217 di·

76 3229 211 3317 {lllmlli
252 3261 380 3307 centem:
423 3244 558 3326 Accipite
581 3257 610 3305 et
630 3245 710 3305 edite
731 3269 764 3306 ex
785 3269 821 3306 eo
844 3267 963 3306 omncs:
986 3244 1046 3305 hoc
1068 3257 1112 3304 cst
1134 3247 1214 3304 enim
1241 3261 1306 3303 cor-

71 3319 193 3403 maon
251 3353 310 3414 pus
331 3352 438 3390 meum.
481 3330 522 3389 Et
536 3340 602 3388 ante
620 3329 711 3389 verba
736 3328 910 3405 CHRISTI,
933 3328 1008 3388 calix
1024 3341 1069 3388 est
1091 3330 1152 3386 vini
1176 3345 1209 3389 et
1224 3344 1304 3409 aque

251 3417 367 3498 plenus.
408 3414 469 3472 Ubi
491 3413 583 3473 verba
617 3415 777 3476 CHRISTI
804 3427 927 3497 operata
954 3413 1085 3488 fuerInt,
1118 3415 1162 3472 ibi
1186 3411 1303 3495 sanguis

78 3497 212 3587 §Jffgssff
253 3499 392 3574 efficitur,
405 3500 458 3578 qui
480 3497 599 3578 plebem
614 3498 748 3558 redemit.
779 3499 861 3582 Ergo
877 3498 985 3571 videte,
1004 3499 1124 3577 quantis
1146 3495 1303 3580 generibus

79 3597 177 3638 οιιιίιτῑ.
252 3595 360 3665 potens
391 3593 437 3660 est
457 3602 554 3640 sermo
589 3582 758 3658 CHRISTI,
781 3587 921 3644 universa
957 3592 1148 3642 convertere.
1191 3577 1306 3640 Deinde

131 3744 134 3751 Ι
254 3670 318 3748 ipse
342 3665 493 3725 Dominus
518 3666 633 3725 JESUS
652 3666 832 3729 testificatur
855 3667 956 3741 nobis,
978 3665 1064 3746 quod
1089 3687 1201 3750 corpus
1225 3682 1307 3725 suurn

76 3749 435 3843 {ngsslff‘accipiamus
460 3762 490 3809 et
511 3752 693 3832 sanguinem.
735 3753 892 3835 Numquid
916 3748 1059 3811 debemus
1087 3751 1124 3808 de
1152 3751 1222 3829 ejus
1252 3744 1308 3808 lide

77 3816 176 3911 vilitate
194 3846 286 3908 ,oq-et
305 3831 515 3894 testificatione
540 3833 702 3896 dubitare?
743 3840 809 3897 Jam
829 3836 894 3897 redi
915 3856 1032 3894 mecum
1056 3833 1094 3892 ad
1116 3834 1307 3915 propositio·

75 3898 244 3956 ⁹⁰¹¹⁸⁰¹¹⁸⁸²¹⁴
255 3941 325 3979 nem
354 3940 459 3979 meam.
510 3921 652 4002 Magnum
673 3922 795 4004 quidem
820 3932 852 3980 et
876 3917 1070 3992 venerabiIe,
1092 3916 1179 3998 quod
1206 3933 1309 3977 manua

256 4003 379 4064 ludaeis
410 4001 490 4086 pluit
523 4025 539 4063 e
565 4002 660 4065 caelo.
702 4004 764 4065 Sed
790 4002 937 4082 intellige:
974 4001 1060 4076 Quid
1090 4013 1135 4060 est
1163 3997 1307 4083 ampliusl

256 4109 365 4149 manna
386 4087 425 4146 de
455 4087 556 4157 caelo,
582 4107 620 4146 an
647 4108 758 4169 corpus
786 4086 964 4146 CHRISTI?
1008 4087 1126 4167 Corpus
1151 4078 1310 4145 CHRISTI

76 4177 209 4271 2⁸:³3³*
252 4177 379 4254 utique,
401 4172 457 4253 qui
482 4182 589 4231 auctor
608 4171 749 4232 estcaeli.
793 4170 912 4230 Deinde
935 4191 1043 4230 manua
1070 4170 1123 4250 qui
1145 4169 1310 4229 manduea-

12 4260 16 4281 '
117 4286 120 4295 ·
177 4255 184 4270 '
250 4258 303 4335 vit,
321 4268 458 4338 mortuus
483 4265 538 4316 est
568 4255 645 4333 ,Qui
667 4255 895 4321 manducaverit
910 4253 973 4321 hoc
996 4251 1191 4337 corpusfiet
1213 4254 1310 4315 eire-
