2790 4792
269 374 323 464 2⁸
494 365 575 435 uu
613 355 1109 433 sucatum-uras

273 551 427 634 quispiam
448 550 642 633 sacerdotum
658 571 705 628 ⁴ex
726 551 932 635 descriptione
955 549 1034 612 celsa
1052 571 1129 612 voce
1144 545 1342 633 praedicave-

274 630 340 711 rit,
370 634 423 695 ille
445 636 568 716 quidem
591 656 609 697 a
627 637 838 704 sacerdotibus
856 658 888 697 se
907 636 1081 696 tenentibus
1103 637 1135 694 in
1154 654 1268 716 aquam
1283 635 1353 695 du-·

277 718 357 780 citur
374 718 414 779 ad
428 714 581 803 pontificis
608 742 738 781 manum.
780 721 921 782 Pontifex
939 733 1038 781 autem
1061 740 1192 801 superne
1212 719 1343 795 adstans,

41 860 44 867 .
115 807 202 872 915⁸²¹⁰
214 815 257 845 ³⁰·
278 825 348 865 cum
372 823 480 864 rursus
505 826 562 889 per
588 826 682 886 aquas
709 805 766 866 sub
786 803 938 888 pontificis
958 826 1050 864 mann
1075 802 1249 863 sacerdotes
1269 806 1343 884 ejus,
1387 824 1389 895 p

99 871 183 973 'iiiia
208 899 257 966 vun.
281 890 334 971 qui
356 883 517 966 initiatur,
537 889 764 949 inclamaverint
781 910 910 965 nomen,
933 902 980 948 ter
1002 889 1085 947 illum
1108 887 1248 968 pontifex
1265 884 1344 946 mer*-

93 974 186 1066 'muvgsb
205 973 230 1013 ¹²¹
246 983 269 1012 ²·
281 975 345 1056 git,
367 970 425 1032 hac
441 973 522 1032 trina
543 973 621 1033 illius
643 977 791 1034 mersione
814 986 843 1034 et
863 977 1027 1043 emersione
1058 984 1119 1032 tres
1147 971 1344 1033 beatitudinis

99 1041 116 1082 ⁴³
146 1039 175 1072 ῃ
282 1058 399 1117 divinae
419 1077 562 1138 personas
585 1058 756 1119 inclamans.
800 1058 993 1119 Assumentes
1014 1070 1114 1117 autem
1135 1055 1229 1115 illum.
1247 1077 1345 1116 sacer·

101 1157 273 1220 suscipimur
282 1141 386 1216 dotes,
421 1143 589 1225 susceptori
621 1147 729 1224 suique
760 1164 896 1203 accessus
919 1143 990 1201 duci
1009 1150 1209 1223 consignant,
1234 1153 1267 1199 ct
1288 1161 1344 1198 una

102 1218 218 1287 ¹3⁴¹“¹¹¹¹²⁸‘
283 1247 351 1285 cum
366 1226 434 1307 ipso
450 1224 533 1301 illum
552 1239 664 1287 vestem
686 1228 828 1310 baptizati
846 1227 1011 1287 munditiae
1024 1245 1187 1306 congruam
1198 1225 1343 1285 induunt:
1387 1278 1389 1293 ,

94 1298 206 1388 'canuae
220 1311 386 1390 ans-sicque
414 1309 554 1369 indutum
587 1333 711 1373 rursum
742 1312 780 1371 ad
799 1310 974 1394 pontificem
992 1309 1119 1381 ducunt.
1161 1307 1218 1367 llle
1243 1309 1343 1369 divino

101 1384 142 1418 ¹¹⁸·
271 1414 317 1473 ‘ac
345 1391 455 1453 deifico
494 1415 620 1476 prorsus
638 1411 806 1480 unguento
834 1399 932 1455 virum
953 1397 1094 1477 signans,
1130 1394 1344 1453 sacratissimae

103 1512 211 1553 Μυοῦς,
224 1474 502 1563 „;‚'comnunionis
531 1483 709 1563 participem
732 1481 814 1540 facit.
857 1482 930 1559 'Ista
953 1479 1074 1560 quidem
1096 1476 1189 1537 veluti
1211 1478 1343 1558 insignis,

100 1561 401 1652 ggt'ffiffl‘uff'lsanetae
435 1583 470 1621 ac
496 1562 614 1624 divinae
645 1567 880 1648 regenerationis
913 1562 1132 1623 consummatio
1159 1571 1213 1620 est.
1261 1562 1343 1636 Quae

132 1624 145 1662 P
241 1637 248 1650 ’
303 1647 421 1711 rofeeto
443 1645 519 1704 nihil
534 1647 626 1707 habet
646 1652 677 1708 in
698 1671 729 1709 se
752 1650 910 1726 indecens,
930 1648 1008 1707 nihil
1029 1646 1075 1705 vel
1098 1666 1132 1705 ex
1146 1646 1221 1724 ipsis
1241 1665 1342 1704 carna·

103 1728 246 1772 communio.
280 1669 367 1789 libus
390 1729 570 1810 imaginibus
586 1732 729 1792 foedum:
752 1733 805 1792 sed
827 1733 936 1793 adsunt
957 1733 1002 1791 illi
1024 1731 1214 1812 dignissimae
1234 1728 1344 1789 intelli·

281 1810 399 1895 gentiae
425 1814 510 1895 signa
522 1858 532 1891 ,
559 1816 750 1875 naturalibus
772 1829 803 1875 et
826 1816 963 1875 humanis
985 1837 1020 1874 ac
1039 1814 1259 1873 decentissimis
1279 1833 1345 1895 spe·

283 1896 360 1956 culis
379 1896 551 1957 informata.
594 1899 762 1982 Subjungit
782 1921 855 1959 vcro
876 1899 969 1982 paulo
989 1910 1059 1980 post
1078 1897 1263 1978 singularum
1276 1917 1344 1955 cae-

282 1981 490 2047 remoniarum
516 1993 546 2043 et
568 1984 683 2043 rituum·
703 1984 915 2067 prodictorum
935 1983 1163 2065 explicationem
1181 1981 1342 2057 mysticam.

363 2126 392 2179 2.
438 2111 628 2173 CLEMENS
663 2115 693 2173 in
718 2118 809 2212 epist.
838 2126 867 2180 5.
896 2112 934 2173 ad
964 2114 1093 2171 univers.
1127 2111 1165 2171 de
1188 2108 1266 2172 offic.
1286 2108 1341 2169 Sa·

217 2239 220 2249 ,
280 2196 362 2256 cerd.
395 2209 425 2257 et
451 2197 578 2256 Clario:
615 2198 649 2258 si
673 2219 741 2279 quis
777 2219 848 2280 ergo
869 2195 967 2256 fidelis
989 2195 1118 2254 voluerit
1138 2198 1281 2272 existere,
1315 2204 1343 2253 et

189 2278 192 2285 ’
280 2280 437 2359 desiderat
455 2280 620 2364 baptizari,
650 2295 756 2342 exutus
781 2281 936 2365 prioribus
956 2279 1059 2355 malis,
1087 2279 1124 2339 de
1149 2280 1270 2362 reliquo
1291 2298 1343 2361 pro

281 2362 372 2425 bonis
405 2365 524 2425 actibus
556 2366 662 2428 haeres
688 2367 842 2426 bonorum
865 2365 1035 2424 caelestium
1059 2386 1092 2423 ex
1110 2367 1200 2447 gestis
1215 2364 1343 2449 propriis

282 2446 345 2510 fiet.
388 2449 522 2510 Accedat
545 2463 665 2528 autem,
693 2453 746 2535 qui
771 2451 836 2510 vult
853 2451 896 2510 ad
915 2449 1100 2508 sacerdotem
1120 2471 1218 2525 suum,
1241 2459 1272 2508 et
1291 2446 1345 2531 ipsi

108 2559 261 2616 narenpmgn
287 2532 340 2592 det
357 2553 464 2593 nomen
486 2535 595 2612 suum,
617 2549 706 2617 atque
728 2534 766 2594 ab
788 2557 824 2595 eo
842 2534 945 2594 audiat
968 2535 1111 2607 mysteria
1135 2535 1221 2616 regni
1249 2532 1347 2592 caelo·

105 2607 267 2699 fflf⁰¹¹⁸¹²¹¹⁵·
287 2636 372 2691 rum,
406 2620 531 2698 jejuniis
557 2619 769 2701 frequentibus
787 2641 907 2702 operam
933 2617 1105 2700 impendat,
1127 2638 1162 2676 ac
1185 2629 1280 2676 semet
1300 2617 1346 2699 ip-

107 2694 276 2778 alpanum-u
287 2720 354 2759 sum
381 2703 411 2761 in
435 2703 575 2762 omnibus
603 2704 736 2786 probet,
771 2716 805 2763 ut
827 2702 925 2762 tribus
946 2701 1098 2761 mensibus
1119 2702 1182 2782 jam
1206 2721 1346 2765 consum·

109 2767 260 2856 25⁰,²,',¹,¹;¹¹,fh¹'
285 2785 383 2859 matis,
404 2785 437 2842 in
459 2783 508 2843 die
530 2786 607 2846 festo
628 2789 728 2870 possit
748 2784 903 2870 baptizari.
945 2786 1118 2869 Baptizetur
1139 2797 1242 2845 autem
1252 2804 1346 2869 unus·

109 2865 226 2909 ¹³³¹¹⁶²¹⁰=
286 2869 416 2948 quisque
432 2869 462 2925 in
485 2872 573 2950 aquis
594 2870 801 2954 perennibus,
823 2873 943 2931 nomine
964 2872 1061 2930 trinae
1084 2868 1286 2929 beatitudinis
1301 2870 1347 2927 iu·

284 2962 395 3010 vocato
417 2971 509 3034 super
530 2975 581 3030 se,
603 2967 768 3036 perunctus
813 2957 889 3012 rimo
907 2953 976 3013 oleo
1000 2955 1239 3037 perorationem
1260 2973 1347 3013 sauc-

284 3033 422 3111 tificato,
457 3047 492 3096 ut
511 3041 553 3097 ita
573 3032 693 3098 demum
712 3059 769 3122 per
787 2977 862 3099 baec
884 3050 1094 3116 consecratus,
1124 3040 1220 3122 possit
1247 3036 1347 3123 percif

283 3134 357 3205 pere
378 3120 478 3182 locum
500 3144 569 3183 cum
593 3125 709 3184 sanetis.

122 3269 274 3313 „mmm
368 3244 394 3298 5.
440 3230 747 3291 TERTULLIANUS
781 3230 819 3291 de
850 3252 963 3292 corona
984 3231 1111 3292 militis:¹
1135 3227 1256 3311 Aquam
1286 3227 1347 3289 adi·

48 3340 63 3377 s
109 3321 155 3362 ¹¹⁰·
284 3315 362 3391 turi,
391 3313 526 3392 ibidem,
558 3315 612 3375 sed
634 3327 662 3374 et
683 3316 837 3398 aliquanto
865 3319 949 3399 prius
971 3319 1001 3376 in
1023 3316 1158 3375 Ecclesia
1186 3313 1247 3372 sub
1269 3313 1349 3377 antia

289 3400 365 3457 stitis
393 3419 485 3458 manu
508 3412 710 3466 contestamur
740 3421 796 3459 nos
819 3403 989 3462 renuntiare
1019 3400 1143 3460 diabolo
1166 3409 1195 3457 et
1215 3417 1347 3481 pompae

106 3493 315 3555 1„„„,102,1‚et
337 3482 447 3565 angelis
471 3485 552 3564 ejus:
576 3484 684 3545 dehinc
712 3498 759 3546 ter
779 3489 997 3569 mergitamur,
1019 3485 1144 3568 amplius
1165 3483 1348 3564 aliquidne<

104 3564 163 3615 ΡΜ·
269 3567 482 3647 spondentes,
506 3590 595 3649 quam
616 3571 765 3630 Dominus
787 3571 818 3628 in
846 3570 1010 3653 Evangelio
1031 3569 1250 3629 determinavit.
1293 3567 1346 3628 In-

281 3648 320 3710 de
342 3651 474 3732 suscepti
493 3651 578 3712 lactis
602 3665 631 3712 et
651 3654 748 3715 mellis
771 3655 961 3715 concordiam
983 3664 1220 3738 praegustamus.
1296 3710 1299 3717 ,

362 3772 391 3828 4·
434 3759 644 3821 ORIGENES
664 3759 745 3821 hom·
768 3775 815 3829 12.
839 3764 871 3820 in
893 3760 1002 3821 Num:
1030 3758 1224 3818 Recordetur
1248 3740 1370 3843 urrais·-¹

282 3844 412 3925 quisque
442 3842 601 3920 fidelium,
631 3867 700 3905 cum
733 3849 865 3929 primum
890 3846 973 3904 venit
1004 3843 1043 3903 ad
1064 3863 1158 3924 aquas
1188 3842 1352 3923 baptismi,-

118 3949 350 4007 31„,m„„cum
371 3928 526 4012 signacula
555 3927 628 3990 fidei
659 3931 755 4013 prima
776 3930 928 4010 suscepit,
959 3939 988 3987 et
1009 3928 1048 3987 ad
1070 3929 1183 3987 fontem
1204 3926 1344 3986 salutaris

104 4012 148 4055 ²³0·
280 4013 423 4090 accessit,
458 4012 571 4095 quibus
600 4012 645 4073 ibi
671 4026 746 4076 tunc
767 4034 840 4075 usus
861 4015 901 4072 sit
920 4011 1040 4088 verbis,
1073 4023 1103 4071 et
1130 4008 1205 4092 quid
1227 4009 1347 4070 denam·

278 4097 400 4158 tiaverit
431 4096 579 4175 diabolo,
610 4117 672 4159 non
692 4119 726 4160 se
752 4119 878 4159 usurum
895 4098 1015 4179 pompis
1037 4097 1123 4177 ejus,
1144 4115 1244 4175 neque
1265 4110 1359 4176 ope-·

278 4178 365 4242 ribus
395 4184 481 4263 ejus,
506 4182 614 4266 'neque
646 4183 714 4251 ullis
734 4183 858 4247 omniuo
881 4183 1010 4244 seruitiis
1032 4183 1100 4263 ejus
1119 4200 1156 4241 ac
1175 4178 1345 4262 voluptati-

276 4261 338 4327 bus
366 4268 545 4354 pariturum
1269 4308 1273 4315 ·
