2790 4792
274 350 354 423 ιω
519 340 602 406 nn
649 321 1114 437 saturninae

100 534 176 615 ,gn
184 530 332 616 mties
365 528 392 588 ei
423 525 556 590 hostiam
581 547 655 590 suae
686 528 833 612 passionis
864 526 1044 606 offerimus,
1075 529 1167 593 toties
1186 528 1277 594 nohis
1308 530 1348 595 ad

100 629 158 666 tun.
275 610 499 675 absolutionem
518 624 675 689 nostram,
692 612 862 696 passionem
886 612 968 674 illius
991 633 1176 697 reparamus.
1220 613 1348 694 Multos,

274 710 312 759 ut
335 697 479 776 arbitror,
502 711 653 774 restuim,
678 696 788 758 iratres
808 698 973 773 carissimi,
1003 699 1134 782 contigit
1162 719 1253 760 nosse
1276 700 1347 779 hoc,

277 782 363 865 quod
383 782 455 842 volo
480 783 520 843 ad
550 783 726 843 memoriam
741 793 877 841 nestram
898 774 1052 841 narrando
1082 803 1236 843 revocare.
1280 785 1348 847 Non

276 867 366 951 longe
390 889 408 928 a
432 869 546 928 nostris
571 867 670 928 fertur
686 865 876 949 temporibus
894 866 1032 942 iactum,
1054 866 1140 946 quod
1165 867 1292 948 quidam
1309 869 1348 929 ab

102 951 419 1048 prostitutionibus
447 961 563 1037 captus,
592 952 682 1033 longe
705 949 902 1011 transductus
925 961 976 1010 est
1023 949 1163 1032 Cumque
1181 952 1236 1012 diu
1261 962 1348 1015 tene-

97 1008 250 1110 'allplls'rim
277 1049 363 1096 retur
388 1039 421 1097 in
444 1037 588 1114 vinculis,
612 1056 681 1096 eum
702 1056 778 1095 uxor
800 1055 872 1113 sua,
895 1054 965 1094 cum
986 1035 1149 1095 ex'eadem
1173 1039 1349 1123 captivitate

89 1108 94 1117 ’
120 1129 220 1172 vineata
230 1143 266 1172 ιο·
276 1141 339 1181 non
361 1124 532 1206 reciperet,
555 1123 717 1181 extinctum
740 1121 859 1203 putavit
910 1119 1055 1199 Proque
1078 1122 1140 1200 jam
1159 1121 1245 1182 velut
1265 1143 1349 1182 mor-

99 1178 335 1270 liii0lii⁰¹ii.tuo
358 1205 475 1267 hostias
499 1204 747 1266 hebdomadibus
772 1203 898 1287 singulis
928 1201 1057 1263 curabat
1083 1204 1203 1265 offerre.
1248 1207 1346 1287 Cujus

98 1277 188 1318 ‘'⁵⁶⁰¹l’
276 1291 367 1351 toties
396 1290 517 1350 vincula
543 1289 740 1351 solvebantur
765 1291 797 1347 in
820 1289 996 1372 captivitate
1012 1296 1037 1364 ,¹
1058 1290 1177 1369 quoties
1212 1289 1250 1348 ab
1276 1293 1345 1372 ejus

236 1396 237 1401 ¹
276 1375 409 1458 conjuge
438 1375 560 1436 oblatae
588 1375 719 1435 fuissent
738 1371 857 1434 hostiae
877 1393 935 1455 pro
959 1373 1075 1432 animae
1092 1375 1159 1454 ejus
1169 1373 1346 1434 absolutio-

274 1480 321 1519 ne.
363 1458 431 1519 Non
453 1460 547 1544 longo
562 1470 790 1544 post‘tempore
814 1478 973 1531 reversus,
999 1456 1150 1518 admirans
1175 1457 1271 1534 valde,
1283 1480 1347 1520 suae

274 1543 421 1604 indicarit
440 1547 549 1620 uxori,
579 1543 667 1625 quod
690 1541 798 1625 diebus
820 1545 912 1601 certis
935 1535 1182 1602 hebdomadibus
1216 1544 1345 1626 singulis

201 1639 209 1650 '
274 1629 342 1708 ejus
377 1629 497 1689 vincula
528 1627 733 1693 solvebantur.
788 1626 877 1703 Quos
906 1624 1047 1685 videlicet
1080 1625 1143 1685 dies
1178 1628 1245 1707 ejus
1267 1642 1360 1689 uror*

273 1724 366 1792 atque
385 1709 482 1773 horas
506 1713 710 1790 discutiens,
726 1722 802 1771 tnnc
841 1731 910 1770 eum
947 1711 1127 1792 recognovit
1155 1711 1345 1789 absolutum,

273 1815 343 1854 cum
370 1816 431 1878 pro
459 1817 495 1858 eo
531 1795 714 1880 sacrificium
736 1796 913 1856 meminerat
940 1793 1089 1855 oblatum.
1140 1786 1225 1854 Hine
1259 1819 1345 1880 ergo,

96 1881 173 1972 ,⁸⁰¹⁷12
190 1883 248 1976 ¹¹⁶5:
274 1879 383 1938 fratres
405 1882 552 1941 carissimi
566 1917 585 1957 ,-
597 1879 669 1940 hinc
700 1891 783 1940 certa
802 1879 1046 1940 consideratione
1074 1877 1232 1962 colligite,
1256 1881 1345 1942 obla‘-

108 1944 218 1974 ⁰⁸⁸⁰¹⁰⁰¹
233 1946 264 1977 '⁵’
274 1974 306 2022 ta
329 1982 348 2021 a
377 1962 466 2024 nobis
496 1962 599 2025 hostia
618 1983 723 2041 saera,
758 1976 906 2045 quantum
931 1964 962 2022 in
993 1962 1084 2024 nobis
1107 1963 1226 2024 solvere
1249 1966 1345 2027 valeat

272 2045 432 2129 ligaturam
455 2048 579 2118 cordis,
608 2050 634 2109 si
654 2046 769 2109 oblata⁴
785 2046 825 2107 ab
845 2047 944 2108 altero
973 2051 1080 2131 potuit
1093 2048 1125 2107 in
1160 2048 1257 2110 altero
1285 2051 1346 2110 sol·

272 2150 343 2192 vere
365 2131 487 2193 vincula
509 2134 659 2217 corporis.

358 2271 407 2327 15.
449 2258 680 2322 CONCILIUM
699 2258 838 2320 Trident.
862 2258 940 2320 Sess.
962 2261 1064 2323 XXII.
1085 2283 1111 2322 e.
1136 2274 1187 2328 2:
1210 2261 1253 2324 Et
1263 2286 1344 2346 qno·

269 2343 352 2405 niam
385 2346 418 2405 in
447 2345 552 2411 divino
576 2343 638 2405 hoc
658 2343 833 2422 sacrificio,
875 2345 962 2428 quod
988 2348 1018 2405 in
1057 2349 1148 2407 Missa
1179 2353 1343 2433 peragitur,

271 2428 353 2488 idem
386 2429 438 2491 ille
473 2429 670 2495 CHRISTUS
695 2431 892 2506 continetur,
923 2443 955 2491 et
974 2431 1131 2491 incruente
1159 2435 1344 2510 immolatur,

184 2516 188 2520 ’
271 2514 327 2594 qui
358 2513 389 2573 in
421 2536 475 2576 ara
510 2517 610 2576 crucis
635 2514 731 2576 semel
761 2535 794 2574 se
822 2517 923 2596 ipsum
946 2528 1072 2576 cruente
1096 2515 1230 2577 obtulit:
1253 2519 1345 2585 docet

196 2648 199 2653 .
225 2607 227 2611 ’
271 2607 376 2659 saneta
401 2597 561 2677 synodus,
595 2597 780 2662 sacrificium
807 2598 891 2659 istud
923 2620 992 2662 vere
1015 2602 1270 2682 propitiatorium
1298 2625 1347 2664 es·

107 2688 247 2779 &vestitam-
271 2700 324 2757 se,
361 2701 419 2764 per
441 2688 605 2765 ipsumque
636 2681 724 2761 fieri,
761 2695 812 2760 ut,
846 2685 964 2744 sivero
986 2684 1082 2745 corde
1108 2696 1139 2744 et
1163 2698 1249 2745 recta
1270 2685 1344 2763 fide,

95 2751 211 2780 rinnon.
271 2785 339 2825 cum
358 2776 442 2825 metu
466 2780 497 2828 et
511 2770 696 2843 reverentia,
730 2769 855 2828 contriti
874 2788 910 2827 ae
938 2771 1152 2851 poenitentes,
1183 2769 1221 2829 ad
1239 2769 1340 2830 Deum

104 2913 109 2918 st
271 2847 469 2927 accedamus,
499 2851 741 2913 misericordiam
768 2871 1013 2933 consequamur,
1047 2865 1078 2914 et
1107 2855 1234 2937 gratiam
1255 2855 1341 2915 inve-

116 2941 237 3004 Quomodo
272 2935 390 2994 niamus
405 2935 570 2997 inauxilio
596 2946 787 3016 opportuno.
829 2936 930 3016 Hujus
957 2940 1071 3029 quippe
1093 2938 1252 2999 oblatione
1273 2937 1344 3021 pla·-

95 2996 192 3034 erimrnn
214 3000 236 3033 et
461 3020 467 3033 .
655 3021 661 3031 .
1021 3024 1026 3035 .
1098 3025 1104 3036 .

94 3030 358 3096 rqmfflpneatus
378 3018 549 3095 Dominus,
584 3031 711 3103 gratiam
742 3029 773 3078 et
804 3019 919 3079 donum
937 3035 1143 3103 poenitentiae
1164 3023 1342 3101 concedens,

95 3100 148 3134 “²⁸
160 3091 246 3165 ΜΨ·
272 3105 399 3163 crimina
422 3116 453 3163 et
502 3114 620 3182 eccata,
642 3103 738 3169 etiam,
756 3105 909 3188 ingentia,
929 3106 1074 3176 dimittit;
1108 3126 1169 3166 una
1193 3110 1273 3169 enim
1290 3128 1342 3169 ea·

271 3187 401 3269 demque
419 3200 463 3248 est
479 3125 602 3265 bestia,
626 3184 707 3265 idem
731 3207 814 3247 nunc
836 3185 964 3249 offerens
986 3190 1182 3252 sacerdotnm
1204 3195 1341 3253 ministe-

270 3274 341 3348 rio,
376 3274 429 3353 qui
456 3293 487 3332 se
514 3274 615 3356 ipsum
648 3283 722 3332 tunc
759 3272 790 3339 in
826 3293 918 3333 cruce
940 3273 1075 3351 obtulit,
1107 3275 1171 3341 sola
1192 3276 1341 3337 offerendi

271 3357 390 3416 ratione
414 3356 542 3419 diversa.
585 3356 683 3438 Cujus
705 3357 829 3439 quidem
850 3357 1025 3433 oblationis,
1048 3370 1192 3420 cruentae
1205 3362 1340 3442 inquam,

270 3439 391 3500 fructus
411 3462 467 3525 per
491 3441 572 3503 hane
588 3443 777 3503 incruentam
793 3441 947 3504 uberrime
963 3445 1191 3527 percipiuntur:
1223 3456 1341 3505 tantum

271 3524 380 3602 abest,
421 3537 458 3586 ut
488 3524 536 3589 illi
592 3548 624 3587 er
655 3525 735 3586 hanc
765 3527 988 3607 quovismodo
1015 3528 1189 3610 derogetur.
1235 3531 1340 3607 Quare

270 3627 334 3668 non
358 3609 457 3669 solum
475 3631 535 3693 pro
560 3549 699 3677 ddelium
719 3611 859 3671 vivorum
875 3612 1027 3694 peccatis,
1050 3614 1175 3695 poenis,
1200 3615 1341 3675 satisfac·
1359 3664 1363 3673 .

270 3692 425 3769 tionibus,
464 3707 495 3755 et
525 3693 590 3755 aliis
621 3693 868 3770 necessitatibus,
901 3695 956 3756 sed
986 3709 1016 3757 et
1054 3715 1113 3779 pro
1135 3696 1288 3758 defunctis
1309 3699 1337 3756 in

109 3783 209 3843 omens
219 3783 260 3844 ¹13¹,-
271 3775 447 3837 CHRISTO
476 3779 613 3838 nondum
634 3778 672 3838 ad
696 3777 820 3861 plenum
847 3780 1010 3862 purgatis,
1034 3782 1123 3856 rite,
1144 3781 1231 3860 juxta
1253 3780 1342 3864 Apo·

94 3832 260 3940 lilffssssiiissi‘
270 3858 423 3922 stolorum
446 3862 667 3938 traditionem,
701 3861 841 3924 offertur.
893 3864 1012 3924 Ibidem
1031 3885 1098 3929 ean.
1128 3878 1178 3932 3.:
1212 3864 1246 3925 Si
1272 3867 1339 3947 quis

94 3942 162 3974 ’Μ’
270 3943 401 4022 dixerit,
431 3946 541 4007 Missae
562 3944 749 4021 sacrificium
767 3956 894 4009 tantum
914 3967 978 4007 esse
1000 3948 1100 4009 laudis
1121 3961 1152 4009 et
1172 3953 1341 4032 gratiarum

269 4029 414 4106 aetionis,
451 4040 504 4092 ant
530 4029 646 4091 nudam
676 4032 994 4093 commemorationem
1021 4030 1170 4092 sacrificii
1190 4036 1221 4095 in
1246 4052 1341 4096 eruce

267 4112 405 4193 peracti,
433 4132 494 4172 non
520 4118 631 4197 'autem
658 4116 932 4199 propitiatorium,
961 4114 1009 4176 vel
1030 4117 1089 4178 soli
1110 4117 1258 4200 prodesse
1283 4138 1339 4177 su·

266 4196 375 4260 menn:
410 4215 512 4281 neque
540 4217 602 4284 pro
619 4201 696 4293 rivis
721 4212 753 4266 et
767 4198 943 4283 defunctis,
962 4221 1022 4287 pro
1042 4203 1188 4288 peccatis,
1215 4203 1337 4288 poenis,
