2782 4786
258 230 902 405 ‘cosrrnusironrs
1075 304 1126 377 te

60 487 196 569 Spiritus
217 478 346 543 Sanctus
367 499 460 566 super
482 496 554 557 eos,
574 487 608 541 et
624 473 840 558 loquebantur<
852 477 1027 564 tingetque
1045 501 1124 566 pro-
1145 478 1148 483 '

58 591 237 677 plectebant·
762 606 765 612 ·
832 609 837 621 ·

294 765 778 869 ·,rsrnns

100 1020 103 1025 .
142 964 170 1022 1·
210 948 246 1010 A·
269 944 501 1029 CYPRIANUS
521 946 555 1005 L.
581 945 668 1027 epist.
693 954 741 1010 lb·
771 944 810 1004 ad
830 942 951 1007 Januar.
983 952 1015 1010 et'
1035 961 1249 1030 cate-nepesina

60 1058 128 1098 ros:
170 1035 257 1094 Unde
274 1054 398 1115 quoque
424 1048 544 1089 necesse
568 1031 713 1105 osteum,
739 1031 795 1107 ‘qni
817 1028 988 1111 baptizatus
1018 1035 1067 1108 sit,
1089 1047 1124 1094 ut
1135 1018 1265 1122 3,ᾟὶᾚῖ

60 1133 186 1203 accepto
206 1118 377 1195 chrismate,
405 1116 510 1186 idest,
532 1110 686 1187 unctione,
708 1131 773 1170 esse
791 1126 901 1174 unctus
924 1116 993 1193 Dei,
1015 1130 1044 1177 et
1067 1117 1125 1179 ha.

58 1205 130 1265 bere
146 1207 176 1263 in
207 1208 239 1262 se'
266 1204 394 1284 gratiam
424 1197 585 1257 CHRISTI
606 1199 713 1278 possit.
756 1192 859 1256 Porro
889 1212 989 1258 autem
1012 1197 1217 1286 aucha-ggw
1230 1200 1299 1289 1²¹3}-

58 1291 142 1367 ristia
159 1300 225 1365 est,
249 1296 279 1344 et
299 1284 382 1361 unde
404 1282 546 1364 baptizati
565 1276 733 1362 unguntur,
756 1279 856 1339 oleum
876 1283 908 1342 in
932 1282 1018 1343 altari
1037 1261 1254 1344 sane-eatnif¹¹⁰
1289 1273 1300 1286 ‘

56 1370 216 1434 tilicatnin.
261 1371 264 1375 ’
1025 1392 1028 1399 ·

142 1493 171 1545 2.
215 1471 470 1535 AUGUSTINUS
493 1471 526 1531 L.
552 1467 592 1531 V.
615 1467 653 1531 de
670 1468 785 1555 baptis,
815 1483 896 1532 cont.
920 1472 1071 1551 Donatist„
1099 1495 1301 1551 eostam&

58 1575 129 1629 19.:
162 1558 330 1635 Quomodo
348 1576 457 1636 aquam
472 1554 600 1614 mundat
614 1567 644 1614 et
662 1550 832 1629 sanctificat
848 1555 1021 1617 homicida?
1044 1553 1178 1639 quo-¹¹⁰¹

57 1644 156 1707 modo
175 1641 362 1701 benedicunt
380 1639 480 1716 oleum
502 1636 654 1698 tenebrae?
676 1641 701 1698 si
722 1651 822 1708 autem
841 1639 950 1700 DEUS
968 1642 1054 1702 adest
1067 1640 1125 1702 Sa·
1137 1687 1204 1728 ,nm
1259 1693 1276 1731 t,

58 1727 225 1788 oramentis
243 1735 273 1782 et
294 1722 393 1782 verbis
414 1725 491 1800 suis,
514 1743 571 1805 per
598 1721 776 1803 qualeslibet
798 1724 1060 1802 administrentur,
1091 1740 1122 1788 et
1134 1737 1198 1796 Deus
1206 1701 1300 1799 'fiili

60 1811 255 1875 Sacramenta
265 1808 324 1866 Dei
350 1806 464 1887 ubique
484 1819 566 1867 recta
587 1818 665 1882 sunt,
691 1819 722 1869 et
749 1807 817 1869 mali
834 1807 982 1879 homines,
1009 1792 1299 1894 quibus'illiffffla

58 1894 140 1963 nibil
156 1902 291 1974 prosunt,
315 1889 430 1972 ubique
452 1893 585 1974 perversi
604 1890 708 1950 suut'
1069 1958 1073 1967 ἱ
1134 1891 1245 1928 ΜΝ·

75 2007 84 2029 ·’
142 1999 199 2058 ΕΤ
220 2011 331 2065 c..20.:
375 2000 557 2058 Cur-autem
571 1998 610 2057 ad
626 1997 732 2073 verbe,
748 2019 814 2079 quae
827 1999 1000 2081 procedunt
1012 2023 1047 2063 ex
1066 2024 1121 2065 ore
1152 2048 1157 2057 .
1218 2044 1223 2061 ·.

59 2083 229 2161 homicidae,
248 2085 346 2165 possit
364 2094 463 2142 tamen
476 2084 558 2141 Deus
582 2081 681 2142 oleum
694 2081 895 2161 sanctificare,
918 2097 949 2146 ct
969 2087 1000 2144 in
1021 2086 1120 2165 altari,

61 2170 147 2250 quod
162 2167 495 2251 haeretici'posuerunt,
512 2169 699 2247 nonpossit,
726 2169 844 2227 nescio:
874 2171 931 2229 nisi
958 2170 1039 2242 forte
1067 2192 1123 2230 cor

60 2252 319 2332 hominis,·qnem
334 2251 480 2311 fallaciter
505 2249 681 2310 conversum
707 2252 789 2310 intus
809 2271 873 2309 non
898 2252 1042 2335 impedit,
1066 2253 1126 2336 lig-

61 2358 135 2396 num
150 2336 301 2396 fallaciter
319 2339 454 2418 positum
469 2334 596 2417 impedit
620 2334 717 2404 loris,
737 2355 800 2414 quo
835 2337 933 2394 minus
955 2357 1128 2395 sacramen-

61 2423 100 2480 tis
115 2422 178 2480 suis
202 2421 304 2498 adesse
325 2420 476 2501 dignetur,
506 2417 605 2490 nullis
634 2415 791 2475 hominum
816 2417 999 2477 falsitatibus
1033 2420 1131 2501 impe-

62 2505 153 2565 ditus.
175 2498 177 2505 ’
197 2505 229 2563 Si
250 2524 322 2587 ergo
341 2505 379 2562 ad
397 2504 458 2563 hoc
477 2502 566 2574 valet,
588 2500 675 2579 quod
697 2502 876 2558 dictumest
898 2501 929 2559 in
952 2501 1128 2585 Evangelio,

61 2591 145 2648 Deus
162 2599 354 2671 peccatorem
374 2608 436 2646 nou
457 2587 555 2645 audit:
577 2594 613 2641 ut
641 2602 698 2665 per
727 2596 918 2664 peccatorem
943 2598 1205 2648 sacramentorum.
1218 2607 1288 2660 qu.

62 2692 123 2733 uon
144 2672 350 2732 celebrenturz
375 2669 533 2751 quomodo
557 2668 677 2727 exaudit
705 2667 886 2729 homicidam
905 2670 1125 2754 deprecantem,

62 2757 109 2816 vel
129 2777 221 2839 super
246 2777 355 2836 aquam
375 2754 540 2835 baptismi,
561 2750 607 2810 vel
629 2773 723 2835 super
747 2752 856 2827 oleum,
885 2755 931 2815 vel
954 2777 1046 2841 super
1068 2778 1124 2816 eu·
1136 2815 1150 2856 ⁸

63 2839 244 2931 clrpris'tiam,
265 2840 312 2897 vel
325 2858 417 2920 super
434 2841 528 2920 capita
544 2857 656 2913 eorum,
680 2836 791 2919 quibus
804 2860 908 2899 manus
932 2841 1123 2924 imponitur?
1134 2824 1315 2916 ,33:3⁶3ss

63 2925 144 3000 Quae
168 2926 268 2982 omnia
286 2934 385 2981 tamen
407 2934 437 2981 et
461 2921 538 2982 liunt
555 2932 585 2980 ct
609 2921 725 2998 valent,
748 2922 837 2983 etiam
865 2945 921 3006 per
944 2923 1289 3004 homicidas,¹¹¹⁸¹¹¹⁰‘²¹·-.

64 3009 96 3068 id
121 3017 177 3082 est,
203 3027 337 3087 percos,
357 3008 409 3087 qni
430 3007 563 3067 oderunt
580 3005 688 3066 fratres
712 3009 800 3067 etiam
822 3010 853 3068 in
872 3010 936 3088 ipsa
957 3011 1040 3068 intus
1061 3011 1125 3070 Ec-

63 3092 167 3152 clesia.
212 3091 288 3148 Cum
312 3090 385 3149 dare
406 3112 492 3150 nemo
513 3093 619 3173 possit,
643 3091 727 3170 quod
747 3112 811 3149 non
837 3091 950 3166 habet,
971 3094 1127 3172 quomodo

65 3176 120 3236 dat
134 3173 287 3233 homicida
303 3173 446 3257 Spiritum
466 3175 617 3234 sanctum?
660 3176 705 3234 Et
724 3186 834 3234 tamen
854 3176 918 3256 ipse
941 3176 1019 3234 intus
1038 3179 1128 3237 etiam

64 3248 218 3340 baptizat,
253 3259 337 3318 Deus
361 3279 435 3340 ergo
453 3258 524 3333 dat,
547 3261 637 3319 etiam
665 3261 733 3342 ipso
762 3257 956 3341 baptizante,
983 3259 1130 3343 Spiritum

63 3353 212 3408 sanetum.
336 3388 339 3393 i
530 3376 534 3382 -
862 3382 870 3412 z

150 3440 180 3493 5.
222 3426 330 3486 IDEM
349 3426 453 3485 Tract.
464 3438 492 3491 6.
513 3426 544 3483 in
568 3427 657 3509 epist.
678 3424 808 3488 losum:
850 3422 960 3487 Primis
981 3429 1131 3510 tempori-

66 3510 126 3571 bus
156 3509 287 3572 cadebat
317 3531 410 3593 super
431 3509 586 3569 credentes
609 3510 735 3591 spiritus
761 3521 894 3570 sanctus:
917 3511 1127 3593 loquebantur
1238 3508 1241 3517 ¹

67 3595 190 3677 linguis,
210 3617 284 3675 quas
312 3617 374 3655 non
403 3595 594 3669 didicerant,
626 3593 782 3674 quomodo
812 3593 945 3676 Spiritus
969 3596 1062 3657 dabat
1083 3599 1126 3658 eis

66 3681 284 3762 pronunciare.
348 3679 440 3762 Signa
469 3688 556 3737 erant
576 3677 704 3758 tempori
730 3691 910 3760 opportuna.
954 3680 1128 3764 Oportebat

69 3764 148 3822 euim
175 3761 399 3847 ita'significari
437 3766 468 3823 in
496 3760 636 3821 omuibus
665 3760 774 3841 linguis
804 3765 947 3844 spiritum
980 3779 1127 3843 sanctum,

67 3849 142 3929 quia
167 3846 362 3930 Evangelium
380 3848 453 3907 DEI
468 3868 524 3929 per
543 3865 645 3905 omnes
666 3842 780 3926 linguas
799 3866 960 3907 cursurum
984 3850 1050 3910 erat
1060 3862 1127 3910 toto
1197 3861 1199 3865 '

69 3931 149 3991 orbe
164 3943 331 3992 terrarum:
351 3929 554 4016 significatum
575 3941 620 3989 est
639 3925 737 4003 illud,
765 3942 796 3990 et
816 3933 932 3991 transit.
972 3933 1128 4016 Numquid

67 4015 174 4090 modo,
196 4016 306 4098 quibus
331 4017 499 4098 imponitur
514 4035 629 4091 manus,
649 4024 685 4072 ut
705 4013 855 4096 accipiant
871 4014 1019 4097 Spiritum
1039 4024 1302 4128 ⁸³⁰⁰·sslfflssff'im,

65 4111 142 4176 tum,
151 4099 221 4160 boc
233 4112 430 4183 exspectatur,
443 4113 479 4160 ut
492 4100 601 4183 linguis
614 4099 782 4180 loquantur
794 4098 807 4158 l
848 4096 912 4166 Aut
924 4102 1125 4182 quandoim·
1135 4124 1252 4208 ppursons
1263 4127 1298 4166 a..

61 4185 221 4266 posuimus
237 4205 359 4246 manum
370 4186 454 4257 ›istis-
464 4183 652 4262 iufantibus,
669 4181 808 4273 attendit·
822 4187 1033 4272 unusquisque
1056 4207 1124 4249 ves.
1134 4175 1301 4279 ⁸0:333&ng
