2790 4792
389 333 887 417 nauaturos-tt,
1060 339 1140 419 441

74 525 130 586 bet
161 533 344 607 potestatem
359 560 362 566 ·
378 524 516 606 corporis
544 521 616 597 sui,
639 518 693 582 sed
725 517 843 578 mulier.
884 516 945 587 hd
959 523 1138 582 sacramenti
1149 525 1297 614 tpperamen-

73 612 268 668 sanctitatem
290 606 399 667 ‘illudz
433 607 567 667 Uxorem
595 607 701 664 ariro
720 623 784 662 non
805 602 980 680 discedere,
1003 606 1138 687 quodsi
1198 601 1205 615 ’

74 695 266 767 discesserit,
285 710 404 751 manere
423 693 607 771 innuptam,
634 700 687 749 aut
708 689 776 747 viro
799 706 854 746 suo
875 689 1064 750 reconciliari
1077 714 1094 749 r.
1108 701 1139 750 et

72 778 125 834 vir
147 796 268 836 uxorem
296 795 356 835 non
377 777 520 835 dimittat.
562 773 645 855 Haec
666 773 766 832 omnia
794 769 877 829 bona
893 784 982 848 sunt,
1008 784 1137 855 propter

75 880 158 938 quae
189 860 311 941 nuptiae
339 858 442 920 bonae
470 868 562 930 sunt,
598 856 720 938 proles,
763 852 865 924 fides,
908 872 1136 927 sacramentum.

73 941 140 1003 Nec
160 944 275 1025 prolem
302 958 403 1005 autem
433 939 584 1001 carnalem
604 944 667 1020 J'am
685 940 747 1000 hoc
763 952 900 1020 tempore
917 959 1077 1017 quaerere,
1102 963 1136 1001 ac
1148 939 1297 1028 mssssfffflg

70 1046 131 1110 per
150 1026 208 1087 hoc
230 1028 269 1089 ab
304 1029 387 1087 omni
409 1025 463 1084 tali
488 1043 583 1105 opere
602 1027 821 1087 immunitatem
840 1023 992 1103 quandam
1024 1043 1255 1105 perpe-pracati.

69 1122 155 1169 tuam
184 1114 339 1184 retinere,
382 1121 476 1189 atque
500 1111 554 1167 uni
585 1112 656 1170 viro'
675 1108 799 1169 Christo
818 1105 1017 1189 spiritualiter
1035 1108 1137 1185 subdi,

67 1193 172 1255 melius
199 1191 247 1257 est
272 1196 381 1273 utiquc
411 1204 441 1252 ct
468 1194 618 1255 sanetius:
651 1195 677 1254 si
713 1204 813 1253 tamen
847 1211 882 1251 ea
907 1193 1065 1253 vocatione
1096 1194 1139 1251 sic

66 1289 194 1338 utantur
212 1279 372 1351 homines,
399 1277 557 1356 quomodo
579 1281 729 1361 scriptum
751 1288 811 1338 esta
833 1275 877 1334 Ut
895 1277 1038 1358 cogitent,
1061 1296 1139 1357 quae
1152 1289 1234 1334 acon
1242 1293 1307 1338 1232·

66 1373 139 1445 supt
176 1363 257 1435 Dei,
294 1361 454 1440 quomodo
485 1361 625 1443 placeant
645 1365 724 1427 Deo.

151 1481 180 1533 5.
222 1465 455 1526 AMBROSIUS
484 1471 516 1528 in
543 1483 636 1552 caput
663 1482 691 1537 5.
721 1466 867 1550 epistolae
900 1464 940 1525 ad
967 1464 1141 1548 Ephesiosa

62 1551 207 1626 Mysterii
236 1562 454 1610 sacramentum
485 1555 600 1636 grande
635 1556 667 1614 in
695 1554 814 1611 unitate
848 1551 906 1610 viri
937 1562 966 1610 et
987 1553 1137 1612 loominae

65 1655 133 1694 esse
153 1630 313 1713 significat.
354 1634 418 1694 Nec
450 1635 512 1696 hoc
536 1638 662 1720 prodit,
690 1636 745 1697 sed
775 1636 863 1695 aliam
889 1640 1028 1709 causam,
1059 1657 1138 1717 qnae

62 1737 133 1794 non
153 1715 307 1776 discordet
335 1740 352 1778 a
376 1733 545 1781 memorato
569 1723 728 1798 mysterio,
749 1718 884 1804 flagitat,
905 1732 995 1800 quam
1020 1722 1079 1779 scit
1098 1721 1138 1781 ad

63 1803 243 1882 protectum
271 1799 404 1862 humani
424 1807 542 1887 generis
563 1808 750 1888 pertinere,¹
768 1803 831 1864 hoc
854 1814 914 1880 est,
927 1803 1093 1863 -Ecclesiae
1108 1816 1138 1864 et

64 1882 246 1959 salvatoris,
279 1898 323 1962 ut,
347 1888 426 1946 sicut
462 1889 575 1950 relictis
607 1889 808 1972 parentibus,
841 1887 934 1946 homo
951 1890 1039 1947 uxori
1064 1908 1136 1948 suae

11 2031 15 2036 ¹
61 1964 230 2042 adhaeret,
257 1970 352 2029 ita'et
378 1971 486 2032 relicto
510 1977 590 2033 omni
614 1988 735 2048 errore,
761 1971 896 2030 Ecclesia
919 1971 1083 2037 adhaereat
1104 1983 1136 2032 et

60 2047 248 2128 subjiciatur
268 2055 360 2134 capiti
379 2074 457 2130 suo,
493 2058 580 2138 quod
600 2068 646 2118 est
669 2057 818 2118 Christus.

149 2167 182 2225 6.,
219 2155 377 2217 PETRUS
412 2160 577 2223 Damianus
619 2165 651 2223 in
680 2184 824 2223 sermone
855 2161 892 2220 de
928 2161 1132 2237 dedicatione,

63 2258 157 2322 agens
178 2238 215 2298 de
234 2243 410 2323 nuptiarum
429 2260 639 2322 sacramento,
671 2249 714 2305 ita
736 2249 796 2305 ait:
826 2244 894 2304 Hoc
916 2266 1056 2326 magnum
1077 2258 1132 2321 cst,

64 2325 106 2381 ait
131 2319 314 2404 Apostolus,
347 2338 377 2386 et
401 2327 550 2389 Dominus
572 2337 605 2388 in
626 2328 803 2411 Evangelio.
845 2326 980 2408 Propter
998 2327 1058 2386 hoc
1082 2349 1134 2386 re-

57 2404 179 2487 linquet
208 2407 300 2470 homo
324 2422 444 2494 patrem
461 2425 491 2471 et
514 2427 658 2483 matrem,
682 2422 712 2469 et
738 2407 917 2468 adhaerebit
940 2413 1028 2468 uxori
1049 2430 1131 2486 suae,

59 2503 92 2549 et
109 2503 196 2550 erunt
213 2494 276 2555 duo
296 2494 328 2551 in
354 2514 443 2551 carne
463 2516 533 2554 una.
576 2491 663 2570 Quid
688 2493 766 2551 enim
792 2493 885 2572 magis
905 2511 1015 2569 uniam,
1040 2515 1132 2574 quam

56 2573 126 2648 illi,
161 2577 272 2656 quibus
294 2587 340 2634 est
360 2595 421 2633 una
444 2597 535 2652 caro,
562 2598 623 2636 una
645 2596 767 2649 mensa,
783 2596 869 2634 unus
892 2588 997 2651 torus,
1021 2572 1131 2636 haerc-

55 2657 137 2718 ditas
159 2659 246 2716 una?
280 2657 474 2718 Honorabile
497 2661 677 2744 conjugium
701 2661 793 2734 (dicit
813 2681 864 2720 vas
886 2660 1056 2741 electionis)
1077 2666 1198 2721 to-Heb·
1218 2676 1261 2719 ta,
1276 2676 1305 2721 4.

26 2804 29 2809 ,
52 2763 111 2802 rus
133 2741 353 2801 immaculatus.
401 2741 470 2800 Hoc
492 2744 692 2804 destruuntur
714 2746 885 2805 incestuosa
908 2747 1073 2829 conjugia,¹
1100 2757 1130 2807 et

55 2825 266 2909 legitimorum
291 2823 458 2885 haeredum
482 2829 573 2914 digna
593 2830 755 2914 progenies
779 2843 979 2914 propagatur.

142 2942 171 2996 7.
214 2931 359 2992 LUCIUS
379 2937 485 2997 tertius
507 2936 561 2996 lib.
585 2951 613 3002 5.
632 2934 838 2997 decretalium
861 2937 1027 3020 Gregorii,
1050 2938 1127 2998 titu-

53 3014 90 3074 lo
121 3025 149 3078 7.
176 3013 215 3072 de
237 3013 397 3079 haereticis
423 3042 489 3103 cap.
512 3033 564 3098 9.,
588 3021 627 3081 ad
649 3020 848 3081 abolendam:
871 3023 1049 3096 Universos,
1073 3023 1299 3116 quihgepmento
1376 3051 1378 3055 ·

56 3095 99 3155 dc
129 3115 316 3161 sacramento
353 3108 491 3186 corporis
525 3118 555 3166 et
586 3106 738 3190 sanguinis
768 3105 893 3164 Domini
929 3107 1027 3164 nostri
1054 3091 1293 3172 Jesueohllhlta

52 3179 186 3261 Christi,
209 3183 255 3244 vel
277 3186 316 3245 de
336 3186 533 3270 baptismate,
558 3213 611 3251 seu
637 3191 675 3250 dc
703 3186 898 3271 peccatorum
922 3179 1298 3267 confessione,3f,„⁰,;'¹.5,2⁸,fj,⁵,„

50 3266 268 3345 matrimonio,
310 3272 358 3331 vel
389 3273 516 3355 reliquis
549 3274 759 3335 ecclesiasticis
801 3274 995 3333 sacramentis
1036 3272 1124 3334 aliter
1135 3275 1275 3364 ffiffiggffi

52 3351 167 3411 sentire
187 3363 241 3411 aut
268 3352 380 3416 docere
401 3379 463 3418 non
489 3371 648 3435 metuunt,
679 3379 769 3439 quam
795 3369 986 3418 sacrosancta
1008 3358 1191 3418 Roma-tum.

49 3455 92 3493 na
115 3433 252 3495 Ecclesia
272 3442 430 3519 praedicat
452 3455 482 3502 et
496 3442 653 3503 observat:
675 3454 705 3501 et
718 3441 897 3524 generaliter
920 3463 1122 3522 quoscunque

51 3517 158 3578 eadem
193 3520 327 3582 Romana
350 3525 488 3587 Ecclesia
522 3527 570 3586 vel
592 3526 702 3610 singuli
724 3526 873 3608 Episcopi
895 3549 950 3609 per
970 3525 1121 3585 dioeceses

51 3623 121 3662 suas
152 3625 223 3663 cunr
262 3608 391 3669 consilio
414 3609 616 3686 clericorum,
644 3611 692 3671 vel
715 3609 817 3669 clerici
840 3612 897 3692 ipsi
919 3610 989 3669 scde
1010 3618 1293 3708 vacan-Rlonzanadfflc·

49 3696 100 3763 te,
133 3710 201 3747 cum
235 3693 364 3752 consilio
402 3696 438 3769 (si
473 3698 662 3777 oportuerit)
687 3695 867 3763 ,vicinorum
896 3680 1296 3805 Episcoporumfrldl³⁰atq⁰lh

1131 3779 1254 3808 eramenta

49 3769 222 3915 hapircticos
254 3776 476 3855 judicaverint:
518 3779 642 3839 vinculo
668 3782 808 3863 perpetui
842 3777 1038 3838 anathematis
1071 3779 1120 3836 in·
1130 3815 1288 3868 mum,

48 3874 92 3915 no
117 3877 210 3917 amus.
1131 3871 1174 3909 ⁰⁸²·

134 3976 164 4029 8·
207 3941 436 4029 CONCILIUM
467 3969 697 4031 Constantiense
727 3991 798 4032 sess.
824 3981 872 4036 15.
895 3969 1015 4028 damnat
1036 3967 1120 4030 hunc

45 4047 213 4106 articulum
235 4064 376 4113 octavum
403 4055 530 4114 loannis
551 4056 648 4116 Husa:
681 4053 861 4115 Sacerdotes
884 4055 1045 4116 criminose
1069 4056 1117 4112 vi-

40 4144 148 4275 vpntes
186 4131 348 4275 ipfideliter
394 4139 530 4201 sentiunt
569 4139 608 4201 de
651 4151 767 4225 septem
819 4140 1011 4200 sacramentis
1056 4139 1118 4200 Ec-

44 4236 65 4275 c
78 4235 159 4277 esrae
180 4235 239 4279 ec.

1142 2229 1226 2271 Matth.
1239 2233 1305 2286 ¹9³5·
