2790 4792
448 280 887 400 puerisue&
1104 331 1160 408 53

93 504 199 570 solum
219 507 361 567 Marcion
381 517 434 565 aut
449 503 641 581 'Valentinus
663 517 716 565 aut
736 504 861 584 Arrius,
884 520 940 570 aut
963 506 1135 569 Eunomus
1146 515 1189 587 ,a
1201 508 1322 560 mast·

101 593 158 652 sed
179 593 239 675 ipsi
254 590 386 652 carnales
398 588 516 674 parvuli
529 588 682 665 Ecclesiae,
704 588 814 670 quibus
835 590 1157 677 dicebathpostolnss

93 675 167 736 Non
185 679 277 756 potui
299 675 382 756 loqui
403 674 489 735 vobis
514 675 602 755 quasi
623 672 823 754 spiritalibus,
840 677 894 736 sed
915 679 1001 758 quasi
1025 675 1157 738 carnali-

96 759 169 834 bus,
187 763 212 819 si
233 770 355 842 possent
374 757 484 842 singuli
506 758 669 840 diligenter
689 757 878 840 interrogari,
899 771 947 821 tot
967 761 1157 821 diversitates

95 846 271 925 opinionum
292 845 438 920 fortassis,
461 853 541 923 quot
571 841 727 917 homines,
749 856 990 905 numerarentur.
1030 844 1314 924 Anima-,ww

94 927 132 986 lis
164 931 240 987 enim
275 927 367 988 homo
398 948 464 988 non
497 926 633 1007 percipit
653 945 698 1003 ea,
730 940 808 1007 quae
841 939 914 986 sunt
942 930 1065 1010 spiritus
1086 928 1155 989 Dei.

88 1010 247 1093 Numquid
268 1024 368 1073 tamen
388 1012 461 1071 ideo
484 1030 547 1068 non
568 1012 719 1091 integrum
740 1022 959 1071 sacramentum
979 1013 1156 1094 accipiunt?

173 1109 202 1164 4.
246 1096 296 1162 Et
308 1099 341 1156 L.
350 1089 422 1157 VII.
437 1116 463 1154 c.
480 1105 530 1159 55.
543 1103 623 1175 cont.
639 1093 811 1153 Donatist:
827 1092 1040 1173 Verumtamen
1053 1099 1155 1178 siquis

87 1180 169 1240 forte
182 1183 271 1240 mein
285 1203 322 1241 eo
337 1179 469 1240 concilio
481 1177 693 1251 constitutum,
715 1177 771 1236 ubi
782 1176 887 1236 talium
906 1199 1008 1239 rerum
1018 1183 1154 1259 quaestio

85 1277 270 1341 versaretur,
284 1286 345 1323 nou
352 1258 610 1346 praecedentibus
620 1259 743 1335 talibus,
757 1280 891 1340 quorum
897 1264 1056 1322 sententias
1070 1265 1157 1343 sequi

85 1348 216 1424 mallem,
237 1359 376 1431 urgeret,
397 1357 431 1402 ut
453 1343 599 1419 dicerem,
620 1344 696 1423 quid
708 1346 774 1427 ipse
791 1346 944 1420 sentirem,
965 1347 991 1404 si
1011 1347 1157 1405 eomodo

83 1431 209 1491 affectus
222 1449 330 1504 essem,
344 1448 407 1508 quo
421 1447 513 1500 eram,
526 1442 592 1485 'cum
605 1428 663 1486 ista
675 1427 836 1502 distarem„
853 1447 1046 1508 nequaquam
1064 1426 1160 1495 dulii-

84 1529 195 1589 tarem,
205 1514 323 1574 babere
344 1530 396 1568 eos
415 1509 617 1591 baptismum,
630 1513 693 1591 qui¹
706 1511 885 1591 ubicunque
897 1522 927 1570 et
939 1531 955 1570 a
967 1510 1159 1592 quibuscun-

83 1621 149 1679 que
173 1596 254 1655 illud
265 1593 367 1652 verbis
379 1591 556 1674 evangelicis
568 1608 788 1671 consecratum,
809 1597 874 1655 sine
894 1616 949 1655 sua
961 1592 1156 1655 simulatione

83 1695 119 1740 et
135 1700 207 1738 cum
221 1678 323 1758 aliqua
340 1674 400 1735 fide
408 1679 600 1758 accepissent,
621 1700 803 1760 quamquam
816 1680 858 1739 eis
871 1678 909 1738 ad
922 1679 1049 1738 salutem
1059 1679 1154 1760 spiri-

84 1762 184 1823 talem
198 1782 261 1820 non
274 1760 436 1842 prodesset,
450 1763 475 1819 si
490 1762 613 1821 caritate
630 1763 808 1839 caruissent,
824 1746 884 1844 dua
895 1762 1054 1823 catholicae
1070 1764 1150 1823 inse·
1164 1770 1242 1822 r'ttos.
1253 1770 1288 1839 st.
1298 1786 1322 1824 a.

84 1858 235 1907 rerentur
249 1844 423 1917 Ecclesiae„
436 1906 439 1915 ,
451 1844 484 1904 Si
498 1846 575 1903 enim
583 1844 720 1923 babeam,
731 1848 847 1929 inquit,
868 1845 970 1923 fidem,
981 1860 1018 1908 ut
1035 1858 1149 1907 montes
1161 1838 1197 1882 '⁹‘
1286 1904 1290 1911 .

79 1928 277 2004 transferam,
303 1930 455 1988 caritatem
483 1940 583 1988 autem
601 1951 664 1990 non
684 1928 832 2006 habeam,
854 1930 931 1990 nihil
961 1952 1044 1991 sum:
1067 1935 1149 1992 sicut

77 2013 341 2096 jampraeteritis
360 2014 516 2093 Majorum
534 2017 663 2091 statutis,
680 2036 744 2074 non
764 2015 885 2091 dubito,
898 2017 988 2075 etiam
1007 2014 1076 2076 illos
1088 2015 1148 2076 ha-

77 2097 154 2160 bere
180 2096 382 2178 baptismum,¹
395 2100 458 2178 qui,
482 2101 617 2179 quamvis
637 2099 792 2163 fallaciter
806 2099 841 2159 id
855 2102 1012 2183 ‘accipiant
1036 2102 1068 2159 in
1091 2121 1143 2160 ee-

81 2183 181 2256 clesia,
201 2192 301 2240 tamen
322 2183 485 2264 accipiunt,
497 2181 545 2241 rel
566 2182 621 2241 ubi
642 2195 772 2265 putatur
794 2204 857 2243 esse
871 2184 1007 2243 Ecclesia
1030 2183 1069 2242 ab
1090 2186 1142 2261 eis,

84 2270 117 2324 in
147 2260 276 2346 quorum
306 2266 448 2326 societate
480 2264 514 2325 id
544 2268 711 2348 accipitur,
746 2267 784 2326 de
808 2267 920 2347 quibus
943 2268 1059 2326 dictum
1081 2278 1315 2335 estuans-‚sau

79 2349 128 2409 Ex
144 2348 232 2408 nobis
254 2351 396 2410 exierunt.
436 2350 501 2409 Ubi
522 2362 624 2409 autem
646 2371 745 2431 neque
769 2357 898 2411 societas
916 2349 980 2409 ulla
1001 2360 1079 2408 esset
1101 2351 1143 2407 ita

79 2434 277 2509 credentium,
308 2455 405 2516 neque
422 2433 482 2509 ille,
511 2435 567 2514 qui
591 2431 638 2497 ibi
659 2436 821 2514 acciperet,
842 2437 885 2492 ita
908 2431 1068 2508 crederet,
1089 2431 1142 2491 sed
1153 2404 1317 2516 iffosiffifp

77 2529 180 2579 totum
199 2516 315 2577 ludicre
328 2531 357 2579 et
370 2519 490 2577 mimice
507 2528 538 2575 et
551 2515 730 2595 joculariter
743 2526 892 2598 ageretur,
907 2526 1010 2573 utrum
1025 2536 1143 2598 appro·
1153 2510 1226 2548 Μ·

75 2601 197 2663 handus
211 2615 288 2663 esset
307 2602 488 2684 baptismus,
517 2601 572 2679 qui
587 2600 632 2658 sic
655 2600 800 2675 daretur,
830 2599 965 2659 divinum
988 2600 1141 2681 judicium

73 2707 134 2770 per
157 2685 285 2767 alicujus
303 2686 497 2746 revelationis
514 2684 670 2745 oraculum
689 2680 839 2744 concordi
860 2688 1009 2760 oratione,
1031 2697 1060 2744 et
1084 2687 1140 2744 im-

74 2771 178 2854 pensis
195 2770 329 2852 supphei
342 2768 506 2826 devotione
526 2769 685 2851 gemitibus
702 2769 928 2852 implorandum
951 2790 1014 2829 esse
1032 2789 1138 2829 cense-

74 2876 151 2925 rem,
173 2855 217 2912 ita
242 2875 323 2928 saue,
347 2863 383 2910 ut
403 2864 474 2933 post
492 2873 539 2911 me
560 2853 698 2913 dicturos
726 2857 898 2930 sententias,
921 2874 960 2912 ne
983 2854 1058 2935 quid
1074 2856 1137 2934 jam

75 2937 270 3022 exploratum
302 2948 333 2995 et
361 2939 509 3019 cognitum
533 2937 707 3019 adferrent,
735 2938 894 2999 humiliter
921 2951 1136 3020 exspectarem:

75 3031 197 3104 quanto
211 3020 304 3102 magis
324 3040 396 3101 ergo
409 3041 499 3097 nune,
524 3023 587 3082 sine
605 3021 796 3106 praejudicio
814 3022 1016 3104 diligentioris
1030 3023 1151 3101 iuqui-'
1192 3065 1195 3084 .

73 3104 198 3167 titionis
212 3103 261 3162 rel
275 3104 399 3182 majoris
415 3108 610 3183 auctoritatis,
631 3106 715 3166 istud
724 3107 832 3167 dixisse
847 3104 1041 3186 accipiendus
1047 3102 1137 3181 sum?

160 3201 191 3254 5.
235 3187 423 3246 HILaRlUs
445 3187 557 3250 Pictav.
579 3191 669 3271 episc.
691 3192 723 3249 in
742 3190 853 3250 Psalm.
872 3201 932 3263 67,
947 3186 1075 3268 loquens
1097 3187 1136 3245 de
1147 3213 1219 3254 ΑΜ,
1239 3216 1261 3258 a,
1275 3210 1307 3255 sa

73 3270 229 3332 Eunucho
249 3271 402 3330 Candaees
426 3274 543 3354 reginae
560 3273 764 3357 Aethiopum:
795 3266 876 3332 Ecce
901 3290 998 3350 aqua,
1026 3261 1310 3354 inquitffffffgfffffl'

74 3360 147 3437 quis
176 3354 325 3437 prohibet
348 3375 396 3413 me
418 3354 586 3436 baptizari?
619 3370 839 3417 sacramentum
863 3358 963 3437 ipsum
992 3354 1135 3436 baptismi
1146 3352 1269 3416 beethm-

72 3440 153 3501 adeo
165 3441 347 3522 impatientis
361 3438 504 3498 desiderii
522 3440 687 3522 cupiditate
704 3442 910 3525 praeveniens,
922 3450 983 3498 uta
1006 3439 1135 3499 diacono

71 3525 276 3586 ministerium
300 3523 473 3606 Apostoliei
497 3522 588 3582 officii
615 3526 718 3585 salutis
743 3545 814 3585 suae
839 3523 968 3606 cupidus
995 3525 1134 3607 exigeret.

159 3620 188 3674 6.
231 3606 532 3670 LATERANENSE
546 3606 637 3667 Cone.
654 3628 731 3692 mag.
751 3608 808 3669 sub
821 3609 976 3669 Innocent.
991 3608 1048 3667 III.
1068 3626 1133 3668 cant
1146 3611 1307 3664 suasuque

71 3706 120 3761 1.:
143 3693 369 3752 Sacramentum
387 3692 543 3774 baptismi,
557 3693 643 3773 quod
663 3693 702 3752 ad
721 3696 942 3755 invocationem
962 3692 1135 3752 individuae
1145 3666 1224 3752 ,aqu
1252 3668 1307 3699 Μ’

69 3778 234 3837 Trinitatis
258 3788 453 3835 consecratur
480 3777 511 3835 in
536 3796 637 3856 aqua,
660 3791 722 3836 tam
743 3778 878 3862 parvulis
905 3796 994 3859 quam
1023 3777 1133 3837 adultis

67 3864 112 4005 i‘ql
120 3861 224 3920 forma
244 3859 398 3921 Ecclesiae
418 3881 437 3920 a
462 3880 651 3946 quocunque
676 3862 734 3921 rite
766 3860 927 3937 collatum,
948 3859 1077 3947 proficit,
1094 3861 1134 3921 ad

113 3953 209 4006 utem.
1015 3994 1018 3999 .
1116 3982 1121 3990 ·
1195 3983 1199 3990 -

144 4042 185 4109 Ι*1.
230 4028 455 4113 CONCILIUM
480 4029 708 4094 Florentinum:
742 4030 882 4090 Minister
911 4028 1005 4112 hujus
1030 4030 1309 4131 saera-fflffpgffjhffg·

76 4116 163 4174 menti
185 4124 233 4172 est
266 4113 425 4190 sacerdos,
457 4115 507 4174 cni
541 4137 575 4175 ex
598 4113 699 4174 officio
724 4116 871 4196 competit
897 4113 1071 4198 baptizare:
1104 4117 1309 4174 intumentia·

72 4214 161 4259 cansa
182 4209 289 4259 autem
311 4201 504 4277 serenitatis,
525 4220 588 4262 non
609 4197 708 4260 solum
727 4199 869 4263 sacerdos
897 4198 945 4261 rel
976 4179 1237 4273 diaeonus,⁰⁸¹‘²⁰“
