2790 4792
280 350 375 420 mu
531 332 1117 411 unsacnauanro

280 532 383 607 trias,
402 526 561 612 perjuria,
590 536 680 609 p'utet
699 547 732 588 se
749 526 866 586 salvum
894 527 1034 589 sutorum
1051 548 1110 612 per
1130 533 1255 613 ignem,
1278 535 1354 615 qussi

283 617 340 674 ista
363 617 426 673 sint
449 611 549 694 ligna,
575 611 724 689 foenum,
737 640 740 647 ·
754 611 878 693 stipula,
903 613 967 688 sed,
982 615 1036 694 qui
1051 610 1203 674 aedificat
1227 636 1351 677 amoreu

283 711 495 759 terrenorum·
512 715 604 778 super
628 695 858 755 fundamentum
901 699 987 778 regni
1018 696 1196 774 caelorum,
1236 700 1272 762 id
1300 715 1346 774 est,

132 806 231 850 arasau
248 815 271 843 a.
283 803 374 866 super
391 780 562 855 Christum,
594 778 718 839 ardebit
741 791 828 840 amor
855 794 961 840 rerum
985 782 1237 865 temperalium,¹
1249 787 1344 869 etipse

105 863 260 952 2⁰„¹„,¹‚,}⁰¹P⁰’
282 868 383 931 salvus¹
401 867 460 925 erit
478 885 535 946 per
556 862 702 923 idoneum
724 863 963 926 laudamentum.

366 963 395 1018 7.
438 944 648 1010 ORIGENES
675 946 758 1006 hom.
788 960 836 1014 η.
860 951 892 1008 in
914 948 1112 1011 Hieremiam
1141 948 1187 1011 Et
1210 949 1346 1028 vide,si

281 1056 345 1097 non
366 1054 436 1094 vera
457 1036 496 1093 sit
508 1033 596 1092 ratio.
639 1031 719 1106 Quis
743 1034 823 1091 enim
842 1045 967 1116 peccata
986 1046 1065 1093 non·
1083 1034 1221 1116 recipit?
1266 1036 1349 1096 Nem·

281 1141 321 1204 pe
337 1119 405 1196 ille,
434 1121 489 1198 qui
510 1127 583 1199 post
608 1113 820 1175 credulitatem
842 1129 895 1177 aut
914 1116 1100 1200 baptismum
1120 1118 1264 1180 audierit
1288 1121 1348 1181 Do·

280 1206 395 1265 minum
416 1203 582 1274 dicentem,
606 1197 727 1258 dimissa
748 1212 819 1260 sunt
837 1201 896 1260 tibi
918 1213 1060 1285 peccata,
1096 1222 1157 1262 nec
1177 1202 1264 1265 ultra
1282 1226 1348 1289 peu·

281 1289 403 1349 canerit.
463 1284 496 1345 Si
531 1297 632 1344 autem
664 1294 738 1364 post
768 1283 923 1344 lavacrum
938 1292 982 1345 'et
1006 1286 1131 1344 -senism
1158 1285 1348 1368 delictorum,

281 1392 389 1434 rursus
414 1369 454 1431 ad
478 1371 621 1450 pristinas
648 1366 757 1429 sordes
784 1369 931 1428 luerimus
954 1371 1088 1445 reversi,
1122 1381 1156 1430 et
1176 1371 1282 1435 adhuc
1299 1376 1350 1435 im·

107 1446 112 1455 ’
196 1456 200 1461 ’
281 1457 421 1542 perfecto
447 1472 539 1514 sensu
567 1451 607 1511 ab
638 1450 860 1535 Apostolorum
894 1455 1024 1536 vestigiis
1067 1454 1268 1537 recedentes,
1301 1471 1349 1521 aut

120 1535 127 1550 “
282 1543 398 1622 injusta
430 1540 608 1622 gesserimus
645 1535 766 1616 aliqua,
796 1548 849 1598 aut
876 1549 959 1598 certe
987 1539 1017 1595 iu
1038 1539 1107 1619 ipsa
1138 1538 1267 1619 justitia
1294 1546 1349 1604 siut

282 1626 385 1709 aliqua
407 1635 478 1683 nata
496 1632 640 1705 peecata,
661 1619 738 1701 quid
757 1620 848 1682 uobis
866 1620 940 1696 fiat,
973 1620 1224 1685 consideremus:
1252 1638 1349 1689 utnon

280 1731 319 1770 ne
336 1708 525 1790 egredientes
546 1705 584 1765 de
601 1707 754 1788 praesenti
774 1706 916 1781 saeculo,
939 1707 964 1765 si
982 1703 1187 1769 habuerimus
1207 1712 1281 1772 vitia
1302 1712 1347 1773 rel

281 1797 424 1868 virtutes,
436 1792 634 1873 ¹recipiemus
655 1808 714 1871 pro
731 1789 900 1851 virtutibus
917 1792 1071 1872 praemia,
1096 1803 1128 1850 et
1159 1793 1347 1857 dimittentur

120 1908 202 1957 m„
219 1877 370 1951 „anobis
387 1898 441 1953 ea,
470 1895 549 1957 quae
577 1875 704 1934 seientes
721 1876 935 1958 peccavimus:
957 1894 996 1933 an
1015 1873 1191 1957 plectemur
1207 1898 1267 1962 pro
1291 1880 1347 1942 de·

104 1957 272 2049 {ighthiss
284 1965 380 2040 lictis,
406 1979 507 2042 neque
530 1960 710 2041 recipiemus
727 1961 862 2041 praemia
879 1976 940 2042 pro
966 1958 1147 2023 virtutibus.
1189 1963 1248 2023 Sed
1267 1985 1346 2024 ocu·

106 2052 199 2112 pann
214 2045 364 2109 ¹⁸⁶⁵·trum
381 2045 442 2106 hoc
465 2062 570 2102 verum
588 2052 650 2117 est,
675 2043 746 2122 quia
761 2054 793 2101 et
816 2063 873 2125 pio
894 2045 1026 2125 peccatis
1045 2045 1276 2126 torquebimur,
1307 2058 1339 2107 et

121 2110 233 2208 diffindi.
282 2152 343 2219 pro
374 2129 495 2212 justitia
523 2127 704 2208 recipiemus
725 2128 875 2209 praemia,
909 2147 986 2209 quae
1012 2148 1172 2190 meremur.
1211 2128 1241 2190 Si
1257 2131 1334 2190 euim

281 2228 354 2303 post
368 2211 677 2276 fundamentumJesu
687 2208 800 2270 Christi
816 2230 877 2270 non
890 2209 991 2271 solnm
1005 2213 1035 2269 in
1045 2224 1103 2273 tuo
1118 2213 1206 2275 corde
1217 2234 1332 2292 aurum,

108 2341 131 2384 ι.
144 2316 314 2380 consuet
336 2313 505 2387 argentum,
523 2309 554 2359 et
575 2294 706 2381 lapidem
730 2295 896 2379 pretiosum
926 2297 962 2371 (ei
986 2307 1085 2357 tamen
1109 2296 1203 2359 habes
1221 2296 1339 2381 aliquid

199 2487 205 2500 ·
239 2486 245 2497 ·
281 2391 349 2450 Μή
382 2386 431 2530 “l
456 2377 939 2530 ²tss⁰¹it³l⁸¹²¹³tt²3il⁰tt⁶tn
961 2400 1065 2524 *tlt
1079 2383 1344 2531 illl⁰⁸³⁵³⁰ii

223 2498 269 2532 uti,

103 2488 221 2644 ἐξὲξ
230 2535 270 2623 'all
281 2494 374 2619 irihhlal
397 2493 415 2615 d
439 2490 571 2636 ebl'iidre
582 2574 592 2611 .·
605 2511 614 2544 r
629 2484 801 2610 guium
821 2549 938 2632 ingredi
949 2507 995 2608 'vis
1010 2551 1040 2610 in
1067 2564 1178 2613 saneta
1197 2489 1344 2637 ehednmlig-

103 2634 255 2728 Jfflffi
280 2644 327 2702 nis
348 2641 431 2713 tuis,
447 2659 515 2696 cum
538 2637 627 2695 foeno
649 2645 680 2693 et
700 2632 828 2717 stipula,
847 2647 878 2693 et
896 2633 1016 2716 polluas
1044 2652 1179 2718 reguum
1197 2639 1277 2700 Deii
1307 2659 1344 2699 au

108 2697 192 2777 solun.
277 2734 408 2811 propter
429 2722 561 2803 lignum,
582 2718 707 2776 foenum
725 2730 756 2777 et
775 2718 916 2800 stipulam
940 2717 1016 2778 loris
1036 2720 1195 2800 residere,
1226 2735 1258 2783 et
1285 2744 1340 2807 pro

277 2827 378 2882 auro,
413 2813 540 2885 argento
574 2812 605 2860 et
631 2799 733 2881 lapide
757 2803 892 2883 pretioso
920 2798 999 2861 nihil
1021 2805 1174 2865 mercedis
1187 2806 1342 2892 acciperel

277 2888 339 2954 Sed
360 2907 459 2970 neque
480 2884 543 2945 hoc
560 2904 689 2964 aequum
716 2897 768 2945 esu
812 2884 896 2960 Quid
915 2888 1010 2968 igitur
1028 2890 1191 2968 sequitur,
1222 2894 1281 2953 nisi
1309 2902 1340 2952 ut

275 2979 409 3062 primum
428 2983 557 3055 propter
586 2967 666 3052 ligna
688 2969 766 3053 iguis
786 2968 844 3028 tibi
864 2968 976 3047 detur,
1010 2972 1065 3053 qui
1084 2989 1251 3036 consumat
1275 2976 1336 3036 toe-

274 3082 358 3137 num,
378 3059 503 3142 lignum,
521 3053 569 3114 vel
590 3052 752 3135 stipulam?
776 3064 833 3112 etc.
874 3053 915 3112 E't
933 3058 1038 3137 paucis
1060 3058 1255 3138 interjectis:
1275 3059 1338 3121 Pri·

273 3148 355 3209 moin
380 3146 495 3227 quippe
514 3150 645 3222 propter
671 3138 836 3218 injusti-tias
853 3148 1003 3200 tormenta
1023 3143 1233 3224 perpetimurs
1258 3145 1339 3207 dein-

275 3231 314 3293 de
335 3240 469 3316 propter
491 3226 638 3306 justitiam
660 3241 849 3281 coronamur.
961 3288 966 3299 Ι

360 3327 390 3381 fl.
433 3309 541 3370 IDEM
569 3306 652 3367 hom.
676 3317 724 3373 13.
745 3306 777 3364 iu
799 3305 998 3375 Hieremiam:
1020 3305 1063 3364 -Si
1085 3310 1155 3387 quis
1169 3312 1337 3389 ¹seruaverit

103 3424 177 3478 ΛΜ.
185 3424 227 3469 20,
240 3422 263 3468 5.
275 3400 426 3462 lavacrum
443 3394 568 3477 spiritus
588 3391 706 3466 saneti,
736 3391 793 3450 iste
813 3392 844 3450 in
869 3391 1096 3451 resurrectionis
1113 3394 1236 3473 primae
1258 3408 1336 3479 parte

103 3472 128 3523 ⁰·
276 3482 490 3545 communiunt.
533 3475 567 3535 Si
596 3476 666 3557 quis
692 3494 764 3535 vero
784 3474 972 3535 insecundo
992 3478 1336 3541 ressurrectioucserra·

275 3581 342 3644 tur,
375 3569 432 3625 iste
449 3571 601 3645 'peccator
628 3570 695 3635 est,
719 3561 794 3640 ·qui
827 3560 904 3643 ignis
932 3557 1049 3640 indiget
1078 3557 1257 3641 baptismo,
1291 3563 1336 3645 qui

105 3673 126 3716 ι.
137 3665 263 3729 noenta·
276 3650 485 3711 combustione
505 3653 654 3729 purgatur
664 3670 690 3717 ,-·
700 3654 745 3718 ut,
768 3642 923 3724 quidquid
935 3641 1079 3703 habuerit
1098 3642 1271 3726 lignorum,
1286 3648 1337 3709 fo·

274 3737 347 3796 niet
366 3731 506 3815 stipulae,
521 3728 597 3810 ignis
611 3737 774 3787 consumat
825 3729 925 3803 Quam
942 3725 985 3786 ob
1003 3747 1067 3785 rem
1085 3747 1156 3786 cum
1180 3730 1257 3795 talia
1273 3740 1337 3816 post

273 3812 401 3883 mortam
432 3813 524 3875 nobis
552 3811 685 3871 residere
704 3811 856 3873 videamus
868 3854 878 3888 ,
910 3812 971 3870 scri
995 3822 1079 3870 toras
1104 3810 1277 3894 diligenter
1298 3817 1337 3877 si·

273 3903 342 3964 mul:
360 3901 540 3974 recitantes,
561 3915 744 3979 reponamus
767 3917 815 3957 eas
829 3901 860 3956 iu
883 3895 970 3956 eord‘
996 3914 1032 3954 us
1054 3897 1208 3973 nostris,.
1226 3914 1259 3962 et
1272 3903 1338 3983 jura

273 3999 306 4047 ta
338 4004 441 4046 earum
477 3984 576 4041 vivere
609 3994 773 4064 praecepta
799 3984 949 4057 nitamur,
987 3991 1118 4040 utente
1154 3984 1336 4046 excessionis

275 4070 371 4145 diem,
399 4070 424 4128 si
443 4064 510 4126 fieri
534 4077 653 4148 potest,
684 4077 879 4146 peccatorum
905 4063 1048 4124 sordibus
1067 4064 1246 4146 emundati,
1270 4088 1339 4129 cuni

273 4150 554 4214 emens-vatemus
585 4149 732 4208 assumi·
1104 4154 1106 4159 '

306 4250 319 4273 ·.
356 4224 411 4306 :a
437 4232 544 4301 mnu
572 4227 834 4318 origene-nu
863 4240 914 4299 ss·
937 4229 1162 4298 in-Nww
1199 4235 1337 4325 rampo
