2790 4792
250 351 305 426 40
494 338 1074 411 naissensnanro

252 541 312 612 gat,
330 539 383 593 aut
402 526 479 590 diclt
497 528 529 587 in
548 528 757 593 remissionem
777 525 899 606 quldem
921 539 1119 611 pcccatorum
1141 546 1194 584 eos
1215 521 1321 606 bapti-

251 617 333 686 aari,
364 611 418 677 sed
455 608 533 671 nihil
560 633 594 670 ex
617 611 715 671 Adam
746 609 868 669 trahere
898 611 1056 693 originalis
1083 611 1212 693 peccati,
1236 603 1321 690 quod

253 696 487 780 regenerationis
512 693 635 757 lavacro
653 698 798 776 expictur,
823 695 904 755 unde
924 693 961 754 fit
994 704 1199 776 consequens,
1231 704 1269 752 nt
1288 694 1320 751 in

254 785 296 843 eis
315 781 413 843 forma
436 779 622 859 baptismatis
640 780 671 838 in
694 779 896 838 remissionem
923 792 1138 862 peccatorum,
1157 795 1222 836 non
1243 797 1320 851 vere,

254 864 309 926 sed
330 864 403 925 false
424 862 619 946 intelligatur,
642 861 799 921 anathema
817 875 865 922 sit.
907 864 1061 938 Quoniam
1083 882 1142 920 non
1164 860 1257 918 aliter
1274 862 1320 917 in-

254 947 451 1030 telligendum
473 958 527 1023 est,
552 946 638 1027 quod
673 949 716 1005 ait
745 946 930 1028 Apostolus:
965 947 1026 1007 Per
1046 967 1140 1004 unum
1170 942 1321 1003 hominem

253 1046 414 1119 peccatum
434 1033 557 1090 intravit
578 1033 609 1090 in
625 1030 780 1106 mundum,
806 1043 834 1091 et
852 1052 906 1113 per
930 1043 1088 1113 peceatum
1115 1050 1209 1102 mors,
1234 1039 1263 1087 et
1280 1031 1320 1086 ita

226 1123 228 1126 ’
255 1120 288 1176 in
309 1137 411 1176 omnes
438 1115 575 1174 homines
600 1117 791 1198 pertransiit,
825 1116 855 1174 in
888 1136 951 1198 quo
977 1136 1079 1175 omncs
1106 1123 1317 1195 peccaverunt,

256 1202 316 1260 nisi
338 1198 594 1280 quemadmodum
615 1199 751 1258 Ecclesia
778 1198 929 1259 catholica
974 1200 1089 1278 ultique
1108 1195 1223 1255 diffusa
1246 1216 1320 1254 sem-

256 1305 314 1368 per
335 1284 496 1343 intellexit:
519 1295 648 1367 propter
664 1283 743 1342 hanc
768 1285 846 1341 enim
869 1283 1002 1367 regulam
1024 1281 1113 1356 fidei,
1141 1282 1234 1339 etiam
1253 1300 1321 1361 par·
1356 1274 1358 1277 ’

257 1368 331 1444 vuli,
357 1370 410 1448 qui
432 1366 510 1427 nihil
532 1358 730 1450 peccatorum
748 1369 779 1424 in
803 1371 968 1450 semetipsis
1000 1367 1102 1426 adhuc
1132 1366 1320 1423 committere

256 1442 529 1538 po'tuerunt‚1deo
552 1456 582 1511 in
596 1465 796 1534 peccatorum
820 1454 1026 1511 remissionem
1051 1452 1200 1508 veraciter
1221 1447 1320 1528 bapti·

257 1550 372 1613 tantur,
393 1549 430 1596 ut
451 1538 481 1593 in
502 1539 544 1596 eis
566 1540 793 1619 regeneratione
813 1537 986 1610 inundetur,
1023 1535 1109 1615 quod
1128 1534 1321 1615 generatione

256 1632 423 1681 traxerunt.
465 1620 605 1679 Eundem
631 1640 780 1682 canonem
807 1623 949 1704 repetivit
971 1618 1141 1679 Concilium
1162 1616 1320 1675 Tridenti-

188 1773 194 1784 .
256 1725 330 1764 num
351 1707 483 1764 sessione
505 1706 621 1784 quinta.

83 1773 195 1825 Apostoli
208 1785 248 1814 vo·

84 1823 178 1863 luerunt
196 1834 248 1873 aar·
351 1823 380 1876 8.
425 1807 646 1870 DIONYSIUS
680 1806 793 1890 Areop.
818 1807 855 1867 de
880 1810 953 1868 eccl.
979 1808 1056 1868 hier.
1083 1828 1108 1869 c.
1131 1821 1176 1875 7.:
1206 1806 1320 1867 Verum

84 1872 153 1961 llll.⁸
172 1872 293 1956 hapa-ea
315 1891 353 1951 de
382 1913 415 1954 re
457 1895 513 1952 ista
549 1913 675 1974 quoque
703 1891 848 1967 dicimus,
880 1914 958 1973 quae
988 1894 1081 1952 sancti
1106 1902 1319 1975 praeceptores

257 1978 357 2041 nostri
386 1997 421 2035 ex
451 1977 581 2061 pristina
616 1976 783 2036 traditione
821 1976 939 2053 edocti,
979 1978 1017 2036 ad
1049 1998 1104 2041 nos
1135 1976 1317 2033 derivarunt.

258 2061 354 2123 Aiunt
370 2062 458 2137 enim,
480 2061 565 2141 quod
593 2072 640 2120 est
671 2061 880 2138 verissimum,
910 2061 1037 2120 infantes
1069 2062 1105 2136 (si
1130 2070 1233 2118 sancta
1253 2056 1314 2139 lege

259 2145 447 2222 formentur)
475 2144 515 2205 ad
545 2165 665 2205 sacrum
684 2143 895 2227 pervehendos
918 2144 1073 2219 habitum,
1111 2145 1192 2203 omni
1217 2146 1318 2200 errore

259 2229 376 2289 liberos
394 2240 425 2299 et
440 2230 519 2288 vitae
536 2240 667 2290 exsortes
686 2231 831 2310 impurae.
874 2229 959 2290 Istud
981 2251 1049 2288 cum
1063 2229 1207 2310 piissimis
1233 2225 1321 2285 duci·

254 2312 320 2374 'bus
340 2315 454 2373 nostris
474 2315 505 2372 in
521 2326 650 2373 mentem
672 2317 820 2389 venisset,
841 2314 939 2373 visum
958 2326 1004 2374 cst
1029 2314 1189 2372 admittere
1221 2310 1320 2369 infan-

142 2464 150 2477 .
259 2411 305 2458 tes
322 2396 383 2457 hoc
400 2397 505 2475 modo,
534 2410 569 2457 ut
591 2397 742 2458 naturales
767 2396 862 2458 oblati
882 2397 1001 2480 parvuli
1018 2409 1168 2479 parentes,
1191 2413 1322 2476 puerum

86 2463 313 2566 f‡}{2¹}‚¹{f„⁸⁰,¹ssuni
331 2503 365 2540 ex
377 2481 519 2542 fidelibus
538 2483 662 2542 tradant
672 2482 838 2565 qraeclaro
858 2480 1027 2541 divinarum
1044 2502 1148 2538 rerum
1167 2479 1320 2559 magistro,

86 2573 187 2652 ζξῗξξθῦῑ
198 2577 249 2616 1³⁶1·
260 2565 317 2626 sub
338 2586 400 2646 quo
421 2568 484 2646 jam
505 2587 584 2647 puer
609 2569 647 2627 sit
672 2567 758 2647 qnasi
784 2567 841 2629 snb
866 2578 955 2648 patre
990 2566 1104 2638 divino,
1137 2572 1320 2642 sanctaeque

259 2649 366 2708 salutis
396 2649 529 2708 alumno.
569 2651 659 2710 Hunc
680 2653 783 2732 itaque
810 2650 932 2733 praesul
955 2649 1174 2733 spondentem,
1192 2666 1322 2727 puerum

259 2733 346 2813 juxta
362 2745 494 2791 sanctam
509 2732 711 2792 educaturum
728 2736 829 2810 vitam,
853 2737 992 2816 requirit,
1013 2746 1048 2791 ut
1069 2733 1320 2791 abrenunciatio-

88 2847 207 2903 Quomodo
259 2836 328 2874 nem
349 2814 554 2895 profiteatur:
584 2815 957 2899 fidemqueconfitcatur,
983 2839 1045 2876 non
1072 2821 1118 2893 (ut
1147 2813 1193 2874 illi
1216 2814 1322 2874 riden-

86 2908 249 2997 fflfflrffiss·
259 2910 305 2959 tes
328 2901 427 2978 aiunt)
450 2898 542 2959 alium
564 2920 624 2982 pro
652 2901 711 2960 alio
742 2901 852 2959 imbuit
883 2904 985 2960 sacris.
1028 2900 1135 2981 Neque
1160 2898 1242 2957 enim
1263 2897 1322 2958 hoc

86 2995 238 3085 prppunuat
262 2982 311 3043 ille
341 2985 399 3042 ait:
441 2983 509 3066 Ego
556 3005 593 3044 ro
616 3005 714 3066 puero
744 2984 1025 3054 abrenunciationes
1052 2985 1145 3060 facio,
1174 2995 1227 3041 aut
1249 2981 1323 3041 fidei

87 3057 251 3137 eternium
260 3077 446 3129 sacramenta
473 3005 640 3152 profiteor,
668 3067 723 3128 sed
742 3069 785 3143 ita
804 3088 882 3149 puer
906 3071 1064 3129 renunciat
1088 3080 1118 3127 et
1143 3063 1321 3149 profitetur,

260 3152 295 3213 id
314 3163 369 3229 est,
390 3154 526 3234 spondeo
542 3172 671 3234 puerum
700 3151 908 3229 inducturum,
938 3175 1006 3213 cum
1028 3152 1066 3213 ad
1088 3172 1202 3213 sacram
1229 3149 1321 3209 intel-

260 3234 412 3320 ligentiam
431 3238 557 3313 venerit,
577 3236 689 3296 sedulis
708 3235 974 3298 adhortationibus
1000 3239 1083 3313 meis,
1107 3247 1143 3295 ut
1165 3235 1323 3295 abrenun-

260 3322 320 3381 ciet
341 3323 502 3383 contrariis
517 3317 907 3406 omnino,profiteaturque
923 3337 954 3383 et
970 3332 1096 3407 peragat
1109 3319 1220 3395 divina,
1244 3338 1321 3401 quae

256 3403 434 3489 pollicetur.
641 3472 650 3496 .

343 3507 429 3575 Nihil
444 3512 539 3595 igitur
562 3511 610 3589 (ut
630 3515 717 3590 reor)
738 3511 896 3595 indignum
921 3524 976 3588 est,
998 3513 1023 3572 si
1047 3511 1086 3570 ad
1109 3510 1246 3569 divinum
1271 3509 1321 3566 in-

260 3595 400 3661 stitutum
412 3615 491 3677 puer
516 3595 689 3671 adducitur,
709 3607 845 3656 sanctum
863 3596 977 3657 liabens
1002 3606 1246 3676 praeceptorem,
1266 3592 1319 3672 qui

259 3676 305 3773 illi
332 3677 503 3742 divinarum
536 3698 640 3739 rerum
671 3678 811 3741 habitum
830 3681 948 3758 tradat,
981 3679 1194 3759 malorumque
1219 3687 1320 3737 servet

259 3779 430 3823 immunem.

299 3878 303 3885 '
343 3898 373 3959 a.
394 3887 661 3955 tranianum
674 3893 730 3952 111.
739 3895 829 3978 epia.
842 3905 871 3960 ⁸.
889 3889 1060 3951 saranum:
1074 3893 1231 3968 Quantum
1240 3860 1324 3949 νεώ

258 3972 299 4033 ad
316 3996 435 4035 causam
452 3974 611 4037 infantium
623 3979 763 4058 pertinet,
782 3997 860 4057 quos
873 3974 973 4034 dixisti
989 3978 1069 4036 intra
1085 3975 1252 4036 secundum
1269 3972 1319 4057 vel

258 4059 489 4133 tertiumdiem,
512 4080 577 4142 quo
602 4060 664 4120 nati
678 4064 758 4136 sint,
784 4061 966 4120 constitutos
979 4059 1126 4147 baptizari
1139 4081 1201 4120 non
1222 4079 1320 4142 opor-

86 4034 248 4137 ἥψο-

87 4130 173 4215 '..”'.'⁸.'.,'
236 4186 239 4193 .
259 4150 341 4225 tere,
360 4156 390 4204 et
402 4141 653 4213 considerandam
666 4162 728 4204 esse
746 4144 842 4226 'legem
853 4143 1091 4205 circumcisionis
1107 4144 1258 4232 antiquae,
1282 4152 1320 4201 ut

116 4220 193 4301 ’“.’.’.’Σ,·,
239 4290 243 4297 ,
260 4223 492 4297 ihuaouamm
503 4222 673 4309 dieucum,
685 4222 836 4311 quinctus
846 4227 1127 4313 est-baptizandum
1137 4240 1169 4289 et
1179 4222 1320 4290 sanctifi·
