2790 4792
288 325 367 400 m
529 319 1179 398 assecuturum.

104 519 214 584 reparata
228 527 351 609 ,na-eum
368 519 400 571 et
421 507 514 574 abiitt
543 508 703 591 quinaret
728 507 773 570 ibi
792 498 985 573 sacrificium
1012 510 1182 575 secuudum
1211 517 1352 584 ordinem

106 573 216 680 ξῖξξὲζῗ
224 581 255 657 n⁸
280 593 406 670 Aaron,
428 606 466 659 etx
481 605 589 677 postea
612 592 745 675 ipse-de
766 615 900 677 corpore
912 609 952 656 -et
974 600 1120 681 sanguiue
1139 620 1198 660 suo
1219 605 1352 668 instituit

105 676 463 762 :ggffissmsacrificium
479 678 645 741 secundum
671 678 810 738 ordinem
842 679 1080 747 Melchisedech.
1122 687 1353 773 Mutavitergo-

104 762 397 860 ogptnpmfsswultum
419 783 507 822 snum
529 763 560 822 in
579 761 762 840 sacerdotio,
785 775 813 822 et
838 762 950 824 dimisit
971 778 1089 849 gentem
1104 769 1301 850 ludaeorum,
1321 787 1351 837 et

57 846 60 855 ’
103 829 167 862 '⁸⁶
186 828 236 856 ω’
277 850 361 907 venit
382 846 420 907 ad
443 860 555 931 gentes.
599 846 684 922 Quid
704 858 752 931 est
784 867 878 930 ergo,
912 848 1097 911 affectabat?
1138 846 1264 916 Affecti
1285 857 1350 939 ple-

276 952 333 992 uus
355 943 428 992 erat.
472 932 559 1007 Quid
581 932 660 991 euim
681 942 742 990 taur
763 930 884 1012 plenum
906 932 1027 1012 affectu,
1049 956 1140 1016 quam
1172 941 1347 1003 misericor-

276 1012 328 1078 dia
360 1016 483 1075 Domini
509 1017 607 1075 nostri
625 1014 722 1074 JESU
741 1015 921 1077 CHRISTI?

261 1120 270 1134 ⁸
357 1113 392 1167 ,6.
433 1098 680 1160 EPIPHANIUS
715 1094 833 1161 haeresi
874 1115 923 1168 55.
964 1100 1344 1169 Melchisedechianorum:

170 1260 173 1265 1
261 1178 401 1248 ‘Obtulit
422 1185 481 1268 ipsi
507 1182 661 1244 Abraham
682 1205 775 1267 panes
810 1197 841 1245 et
869 1188 973 1247 vinum
994 1199 1050 1247 etc.
1074 1189 1200 1267 quando
1225 1193 1344 1273 quidem

276 1291 312 1331 ex
337 1269 404 1353 ipso
427 1290 462 1329 ex
486 1268 717 1329 circumcisione
740 1270 878 1336 futurum
902 1283 966 1331 erat
983 1271 1201 1350 sacerdotium,
1223 1288 1344 1338 utcm-

226 1421 230 1427 ⁴
275 1357 324 1417 uis
344 1352 487 1431 altitudo,
510 1373 631 1435 quaese
653 1352 738 1413 effert
760 1367 866 1416 contra
882 1358 1087 1439 coguitionem
1101 1356 1170 1433 Dei,
1192 1380 1252 1440 per
1274 1382 1343 1443 cog-

249 1468 251 1475 *
275 1432 424 1500 uitionerit
445 1440 503 1499 Dei
525 1439 744 1512 destrueretur,
766 1442 805 1499 ad
827 1440 888 1499 hoc
909 1452 945 1499 ut
965 1461 1002 1499 ne
1026 1460 1057 1499 se
1072 1442 1192 1520 jactans
1215 1442 1342 1506 circum·

276 1527 353 1585 cisio
376 1525 415 1585 de
439 1524 630 1599 sacerdotio,
666 1524 873 1583 contradicere
895 1528 992 1608 possit
1018 1524 1192 1585 sacerdotio
1228 1543 1342 1591 sauctae

276 1609 429 1669 ecclesiae.
472 1607 628 1668 Abraham
658 1610 737 1667 enim
769 1607 883 1668 obtulit
913 1611 972 1690 ipsi
1005 1607 1231 1673 Melchisedech
1263 1614 1341 1675 dcci-

276 1713 365 1753 mam.
409 1694 472 1769 Qui
491 1712 565 1752 vcro
589 1692 627 1751 ah
642 1692 817 1752 Abrahamo
842 1693 1073 1767 descenderunt,
1094 1695 1152 1774 ipsi
1175 1696 1342 1758 Leviolie·

276 1789 352 1835 runt
372 1789 402 1835 et
420 1777 532 1836 Aaron.
576 1776 657 1835 Post¹
673 1789 792 1858 tempus
816 1791 914 1837 autem
936 1799 1005 1837 cum
1017 1798 1124 1836 rursus
1147 1793 1228 1841 esset
1247 1804 1342 1843 sacer-

275 1859 395 1919 dotium
414 1881 449 1920 ex
475 1861 708 1919 'circumcisione
735 1882 790 1941 per
815 1861 918 1921 Aaron
947 1873 977 1920 et
1000 1859 1082 1921 filios
1107 1864 1218 1943 ipsius,
1242 1887 1343 1927 couse-

274 1956 405 2023 quenter
426 1944 576 2023 scriptura
600 1944 676 2002 dicrt
700 1965 756 2024 per
770 1945 931 2015 Davidem,
949 1958 1021 2026 post
1038 1949 1250 2027 generationes
1267 1953 1342 2012 duo-

274 2028 372 2086 decim
393 2049 410 2086 a
426 2028 621 2109 generatione
634 2029 714 2102 Levi,
728 2035 884 2108 septimam
899 2051 970 2088 vero
991 2051 1007 2089 a
1028 2033 1208 2092 sucessione
1227 2035 1339 2096 Aaron:

274 2125 382 2172 natura
407 2114 503 2169 risum
520 2123 573 2185 cst,
597 2113 684 2171 utin
706 2114 799 2170 reteri
828 2113 997 2172 sacerdotio
1020 2115 1217 2176 sacerdotalis
1246 2121 1339 2203 digui-

62 2232 68 2240 ·
112 2268 118 2275 Ι
223 2206 225 2264 j
273 2211 322 2278 tas
347 2217 385 2256 ne
408 2199 623 2271 constituatur,
657 2199 761 2255 verum
788 2197 826 2255 ad
852 2200 894 2274 id,
914 2198 997 2278 quod
1031 2212 1099 2258 ante
1121 2201 1194 2259 Levi
1219 2215 1339 2265 et‘ante

228 2308 231 2315 ·
275 2283 376 2343 Aaron
407 2281 468 2340 fnit
498 2285 664 2341 secundnm
702 2283 839 2340 ordinem
876 2283 1102 2342 Melchisedech
1136 2289 1340 2349 sacerdotium

274 2367 492 2429 transferatur:
515 2366 599 2449 quod
621 2386 690 2425 sane
722 2387 803 2426 nunc
838 2369 868 2425 in
892 2367 1026 2426 Ecclesia
1057 2371 1137 2450 viget
1178 2391 1196 2430 a
1223 2372 1342 2434 Christo

276 2467 306 2514 et
326 2453 486 2532 hucusque
504 2452 575 2510 dum
599 2472 661 2511 uon
699 2451 826 2532 amplius
855 2473 954 2512 semen
979 2453 1147 2511 secundum
1175 2460 1343 2518 successio·

200 2589 202 2593 .
275 2559 344 2596 nem
367 2537 501 2619 eligitur,
524 2537 577 2596 sed
600 2537 699 2597 forma
717 2542 802 2615 juxta
826 2538 968 2597 virtutem
993 2539 1160 2617 quaeritur.
1186 2539 1342 2602 ,Primum

99 2632 170 2685 rann
191 2635 213 2670 ot
229 2624 356 2687 vnenim
374 2620 575 2680 sacerdotium
600 2623 631 2680 in
651 2625 814 2703 praeputio
839 2642 896 2704 per
914 2621 992 2681 Abel
1021 2618 1200 2702 perficitur:
1239 2627 1343 2687 sedet

100 2679 264 2773 ilssciillli
277 2706 417 2786 deinceps
435 2725 491 2785 per
508 2705 593 2764 No‘e:
615 2707 738 2764 tertium
755 2727 828 2765 vero
848 2728 903 2789 per
915 2705 1149 2765 Melchisedech.
1193 2709 1236 2769 Et
1247 2710 1339 2793 paulo

101 2778 263 2879 ξξζζξξῖξῖἷξω
276 2800 386 2872 post-t·
412 2788 544 2862 Quando
561 2787 730 2848 ..lbraham
752 2791 812 2850 suit
837 2811 988 2849 annorum
1012 2793 1165 2872 octogiuta
1188 2806 1263 2854 octo
1291 2807 1341 2856 aut

98 2898 240 2944 romana,
276 2873 440 2956 nonaginta
460 2871 530 2952 plus
552 2875 661 2947 minus,
683 2885 758 2932 tunc
778 2873 1004 2935 Melchisedech
1025 2876 1083 2955 ipsi
1106 2873 1226 2937 obviarn
1250 2882 1340 2954 teuit,

276 2972 306 3021 et
328 2958 491 3040 proposuit
513 2958 570 3040 ipsi
601 2976 694 3039 panes
716 2970 746 3016 et
780 2959 898 3034 vinum,
925 2961 1140 3034 mysteriorum
1166 2965 1341 3046 aenigmata

273 3040 483 3128 praefigurans
516 3053 545 3100 et
576 3041 769 3123 exemplaria:
800 3062 894 3123 quum
929 3043 1076 3102 Dominus
1107 3059 1213 3105 noster
1246 3049 1340 3115 dicat:

273 3129 342 3212 Ego
357 3149 422 3188 sum
445 3129 562 3186 virens:
587 3138 616 3185 et
639 3126 788 3209 exemplar
808 3129 960 3210 sanguinis
984 3130 1088 3209 ipsius,
1114 3133 1167 3210 qui
1191 3153 1227 3190 cx
1250 3131 1339 3193 tatere

271 3216 367 3296 ipsius
390 3225 572 3294 compuncto
601 3210 704 3284 fluxit,
736 3211 773 3270 ad
795 3214 1006 3294 purgationem
1035 3214 1294 3294 inquinatorum,
1313 3226 1342 3277 et

272 3300 495 3381 respersionem
518 3318 553 3356 ac
580 3295 703 3356 salutem
722 3299 888 3356 animarum
906 3309 1091 3357 nostrarum.
1264 3355 1266 3359 ,

337 3395 385 3450 ·7.
426 3380 698 3440 DAMASCENUS
733 3380 771 3439 dc
802 3381 981 3441 Orthodoxa
1005 3379 1077 3457 fide,
1099 3382 1133 3440 L.
1151 3382 1207 3443 IV.
1229 3405 1257 3444 c·
1277 3396 1339 3451 tn:

98 3503 180 3544 m„
204 3465 355 3538 maPane
377 3478 408 3526 et
425 3468 495 3524 vino
515 3468 649 3547 suscepit
669 3464 892 3525 Melchisedech
915 3464 1068 3525 Abraham
1095 3487 1130 3525 ex
1154 3468 1248 3528 caede
1270 3469 1340 3528 alie-

100 3549 261 3648 0h2222fgl„3,
273 3554 449 3633 nigenarum
469 3561 678 3626 revertentem,
697 3552 750 3632 qui
771 3563 838 3611 erat
851 3549 994 3610 sacerdos
1015 3551 1075 3609 Dei
1096 3549 1242 3612 altissimi.
1285 3551 1340 3611 llla

96 3614 214 3692 llic-hat·
276 3656 377 3695 mensa
399 3633 477 3693 hanc
498 3636 653 3709 mysticam
675 3633 891 3718 praefiguravit
911 3655 1057 3694 mensam:
1076 3633 1161 3695 velut
1187 3648 1218 3696 et
1241 3655 1338 3697 sacer-

96 3723 254 3813 {¹⁸⁴l310222‘r,
277 3720 333 3781 dos
357 3719 426 3794 ille,
450 3716 562 3778 Christi
580 3721 642 3778 reri
664 3720 830 3779 sacerdotis
858 3717 987 3802 figuram
1011 3737 1085 3801 prae
1111 3740 1143 3778 se
1171 3719 1291 3781 ferebat
1310 3727 1341 3778 et

76 3784 262 3864 ‘nlilitum
275 3805 442 3886 imaginem.
486 3805 536 3862 Tn
559 3823 610 3878 es,
632 3805 754 3884 inquit,
779 3805 920 3864 sacerdos
942 3805 973 3862 in
996 3816 1153 3864 aeternum
1173 3804 1340 3864 secundum

99 3890 262 3979 ,33:333ssss
275 3889 412 3948 ordinem
433 3885 666 3948 Melchisedech.
710 3888 799 3949 Hunc
820 3908 926 3972 panem
946 3908 1038 3970 panes
1060 3886 1237 3969 figurabant
1266 3907 1343 3970 pro-

99 3984 261 4077 ·ntapaeglix·
275 3974 445 4058 positionis.
487 3974 569 4034 Haec
591 3984 637 4033 est
657 3993 736 4054 pura
753 3973 867 4045 scilicet
886 3969 987 4032 hostia
1005 3983 1035 4032 et
1052 3974 1232 4048 incruenta,
1252 3983 1343 4054 qnam

98 4035 407 4131 remanetur-abmu
427 4078 526 4138 usqne
549 4056 587 4116 ad
610 4078 750 4117 occasum
773 4057 830 4138 ipsi
854 4055 958 4115 offerri
984 4078 1040 4139 per
1059 4057 1246 4139 prophetam
1275 4059 1344 4118 Do·

190 4160 193 4164 ’
273 4143 373 4206 miuus
391 4141 544 4223 loquitur,
556 4159 681 4222 corpus
702 4141 843 4201 videlicet
866 4151 896 4200 et
918 4132 1049 4225 sanguis*
1061 4141 1233 4201 CHRISTI.

284 4253 288 4259 ·
359 4237 389 4297 1⁶
430 4226 471 4289 G.
492 4222 748 4288 AUGUSTINUS
766 4226 804 4294 L,
823 4219 928 4288 XVII·¹
952 4225 994 4288 do
1015 4225 1105 4289 civit.
1130 4227 1193 4288 Dei
1215 4245 1248 4288 c.
1280 4237 1346 4300 stt,
