2790 4792
239 301 241 307 ’
329 331 776 447 uaeeeuouu.
998 340 1147 414 4512

10 527 76 615 ipui
96 528 179 605 aluit,
198 526 289 590 etiam
307 542 349 602 ea,
364 542 440 606 quae
457 517 586 607 peperit,
609 536 688 598 qnae
707 517 817 580 misere
828 529 863 592 et
879 539 949 586 cum
967 517 1078 582 labore

13 615 189 688 carturivit,
210 599 269 670 illis
284 608 424 669 videlieet
438 604 577 680 desertis,
600 605 655 687 qui
673 612 757 663 tante
781 601 936 666 beneficia·
947 608 1079 689 praesti·
1117 624 1121 631 ·

10 701 133 773 uerunt,
154 694 334 777 quibuscum
356 687 546 753 consuetudo
570 696 670 746 traete
704 697 770 762 est,
791 685 1244 767 adhaerere,virumtuoroonu-

10 782 72 858 tili,
98 801 178 862 quae
203 789 287 838 antea
302 797 398 858 neque
411 775 476 834 visa
492 768 540 844 sit,
564 789 663 850 neque
683 768 802 850 aliquid
815 773 987 831 commercii
1006 794 1075 835 cum
1084 757 1145 799 Μ’

10 864 73 929 llo
94 864 245 936 hahuerit,
270 873 359 941 atque
387 859 466 918 hauc
498 855 587 912 etiam
615 852 756 913 omuibus
790 853 956 936 praeferre.
997 855 1078 918 Vere

10 951 194 1025 mysterium
207 957 258 1005 est,
297 945 339 1003 Et
360 952 511 1025 parentes,
532 938 621 996 etiam
641 959 710 996 eum
723 940 778 997 ista
796 936 886 1013 fiunt,
904 958 967 998 uon
983 937 1081 998 offen·-

10 1034 148 1107 duntur,
170 1030 222 1091 sed
240 1030 332 1112 magis
351 1023 597 1085 offendunturuc
610 1021 726 1099 dolent,
745 1042 814 1081 cum
834 1043 897 1083 non
917 1019 1008 1096 liunt,
1029 1043 1081 1084 ex-

10 1118 118 1185 „ensis
135 1104 259 1197 quoque
280 1109 416 1194 pecuniis
439 1127 473 1166 ac
495 1106 619 1186 sumptu
638 1106 719 1167 facto
735 1105 894 1166 laetantur.
934 1108 1080 1190 Magnum

10 1221 123 1269 „revera
142 1197 337 1274 mysterium,
367 1203 397 1250 et
422 1188 601 1250 ineffabilem
634 1189 785 1273 quandam
819 1192 996 1272 sapientiam
1022 1191 1227 1290 hes-„phffl

10 1304 99 1353 pens.
124 1281 228 1343 ·Istud
250 1296 342 1358 supra
364 1274 517 1355 praefatus
541 1273 631 1350 dixit,
656 1275 688 1334 iu
709 1272 884 1334 CHRISTO
919 1286 950 1334 et
968 1274 1079 1337 Eccle-

10 1371 65 1437 εἰη.
87 1354 89 1359 ’
110 1368 227 1428 Verum
247 1374 345 1421 tamen
362 1379 425 1417 uon
441 1369 566 1441 propter
583 1360 683 1441 ipsum
700 1357 799 1418 solum
821 1359 863 1418 ita
887 1357 1001 1418 dictum
1026 1371 1080 1422 est

10 1450 83 1515 sed.
101 1451 198 1532 quid?
241 1456 277 1503 ut
298 1462 420 1502 uxorem
455 1443 572 1503 scilicet
603 1455 749 1522 tanquam
773 1444 932 1526 propriam
960 1461 1081 1506 carnem

10 1534 131 1606 hient,
151 1525 407 1615 quemadmodum
432 1538 462 1587 et
477 1525 616 1586 Christus
643 1524 829 1603 Ecclesiam,
852 1546 932 1594 uxor
953 1548 1027 1589 vero
1046 1538 1083 1588 ut

10 1622 196 1683 *vacatur
217 1616 325 1671 virum.
641 1656 643 1662 .

103 1723 134 1778 4.
176 1704 404 1766 AMBROSIUS
422 1702 476 1764 lib.
496 1703 595 1786 primo
609 1700 647 1763 de
662 1700 827 1781 Abraham,
847 1725 912 1788 cap.
930 1716 975 1775 t:
996 1703 1082 1768 Nulli

10 1776 89 1859 ieet
109 1791 185 1853 scire
205 1790 360 1849 mulierem
380 1798 653 1870 praetermorem.
680 1786 927 1873 'Ideoconjugii
949 1788 1241 1869 tibida·1,00‚,‚,2„

10 1901 85 1941 nm
106 1886 152 1935 est
169 1876 239 1954 jus,
261 1895 299 1932 ue
318 1875 350 1931 iu
367 1872 513 1954 laqueum
537 1872 670 1949 incidas,
691 1884 722 1933 et
745 1892 814 1932 cum
839 1873 935 1935 aliena
954 1873 1081 1935 muliere

10 1962 189 2039 „elinqnas
232 1959 357 2029 iunctus
379 1977 409 2016 es
431 1955 535 2015 uxori?
555 1955 617 2015 noli
632 1952 994 2036 quaereresolutionem,
1007 1959 1237 2038 quiartesaeae..
1288 1960 1291 1964 ’

10 2067 76 2109 mn
98 2042 172 2100 licet
192 2042 247 2100 tibi
278 2061 371 2098 uxore
400 2041 517 2098 vivente
542 2059 666 2098 uxorem
690 2039 816 2100 ducere:
849 2061 916 2101 nam
938 2052 969 2102 et
991 2039 1080 2115 aliam

10 2142 176 2213 luterem,
199 2136 268 2184 cum
288 2122 400 2183 habeas
419 2132 514 2198 tuam,
531 2124 654 2187 crimen¹
668 2134 714 2184 est
735 2123 886 2185 adulterii.
928 2124 971 2185 Et
989 2125 1080 2205 paulo

10 2225 103 2275 :oste
126 2209 344 2291 Cognoseimns
352 2205 434 2266 velut
443 2206 613 2289 praesulem
634 2207 854 2286 custodemque
863 2208 1002 2288 conjugii
1016 2227 1080 2267 esse
1090 2220 1187 2262 essesut
1205 2237 1256 2266 eus.

10 2296 130 2370 neum,
154 2295 280 2374 quinon
296 2293 442 2374 patiatur,
455 2290 587 2350 alienum
597 2300 703 2349 torum
718 2289 828 2371 pollui.
870 2290 946 2363 Etsi
959 2291 1013 2368 qui
1032 2273 1245 2371 fe-lssssll'ssssssl'

10 2381 118 2454 serie,
141 2397 267 2458 peccare
289 2396 356 2435 eum
380 2376 412 2433 in
433 2373 573 2444 DEUM,
602 2374 693 2451 eujus
719 2372 814 2452 legem
832 2370 935 2447 violet,
959 2373 1084 2453 gratiam
1157 2433 1160 2437 ,

10 2462 130 2535 solvet.
172 2461 211 2520 Et
234 2461 305 2519 ideo
327 2460 400 2541 quia
419 2458 452 2515 in
472 2453 593 2514 DEUM
612 2463 728 2536 peceat,
751 2455 932 2514 sacramenti
952 2453 1086 2517 caelestis

10 2547 134 2611 emittit
149 2545 347 2627 consortium.
403 2610 415 2635 ο
586 2590 592 2599 .

38 2648 42 2657 ’
108 2663 141 2718 t.
183 2649 217 2708 C.
238 2642 470 2706 AMBROSIUS
491 2643 524 2702 in
545 2661 611 2727 cap.
629 2652 653 2719 ἱ5
674 2639 714 2704 ad
745 2608 904 2728 Ephesios,
934 2653 970 2708 ut
993 2664 1107 2730 supra¹

10 2746 144 2823 [inest.
164 2730 370 2815 praecedeuti.
410 2726 447 2786 A.
469 2740 499 2794 5.
801 2760 804 2766 .
937 2749 939 2753 ι

31 2896 70 2917 ,ῃ
111 2854 142 2907 2.
183 2835 265 2896 LEO
287 2836 415 2917 Magnus
432 2835 518 2918 epist.
531 2845 572 2902 92
593 2831 633 2895 ud
646 2835 859 2918 inquisitiones
877 2837 994 2919 Rustici
1008 2839 1089 2920 epis·

10 2918 353 3013 Qpifflarbonensis,
373 2939 438 3002 cap.
459 2931 493 2987 4:
535 2919 607 2979 Nou
627 2922 723 2980 omnis
751 2921 860 2981 mulier
883 2924 991 3003 juncta
1011 2925 1091 2998 viro,
1199 2969 1208 2987 .

10 3022 110 3081 μοι
135 3014 181 3062 est
200 3003 274 3062 viri:
296 3005 367 3084 quie
383 3022 440 3063 nec
457 3005 551 3063 omnis
570 3002 650 3064 filius
668 2994 772 3065 haeres
791 3017 836 3065 est
854 3007 959 3088 patris.
1000 3007 1094 3088 Nup·
1185 3021 1188 3027 ’

10 3094 144 3161 hrum
164 3098 264 3147 autem
289 3087 413 3147 foedera
430 3089 509 3149 inter
528 3090 676 3172 ingenuos
700 3100 772 3149 sunt
795 3086 935 3172 legitima,
963 3103 994 3151 et
1012 3091 1098 3150 inter

10 3176 15 3193 ²
86 3171 183 3247 uales,
204 3170 300 3231 multo
313 3174 397 3255 prius
415 3170 475 3232 hoc
491 3173 590 3268 ipsum
603 3175 736 3233 Domino
756 3175 971 3252 constituente,
1000 3193 1092 3256 quam

10 3198 153 3327 alium
173 3256 298 3314 Romani
313 3258 392 3337 juris
406 3257 552 3316 existeret.
593 3257 702 3340 Itaque
726 3255 814 3318 aliud
839 3267 883 3318 est
902 3278 990 3334 uxor,
1006 3254 1092 3318 aliud
1257 3329 1261 3345 ³

10 3341 223 3413 hncuhina:
245 3342 324 3400 sicut
344 3339 429 3400 aliud
449 3340 566 3415 ancilla,
586 3340 671 3403 aliud
699 3338 805 3402 libera.
846 3341 982 3424 Propter
1005 3341 1091 3423 quod
1103 3341 1185 3396 uate,
1204 3351 1238 3391 ωε

10 3432 122 3523 ψ
145 3423 315 3507 Apostolus
331 3416 372 3484 'ad
405 3424 654 3488 manifestandam
673 3424 785 3487 harum
808 3446 1005 3511 personarum
1029 3426 1096 3486 dis-

10 3512 217 3584 ietionem,
239 3508 441 3568 testimouium
465 3512 553 3592 ponit
581 3530 616 3570 ex
636 3510 764 3587 Genesi,
780 3510 836 3570 ubi
861 3510 974 3571 dicitnr
991 3510 1095 3571 Abra-

10 3606 113 3661 hea
139 3592 245 3674 'Ejice
270 3590 408 3652 ancillam
427 3603 459 3652 et
479 3588 578 3653 hlium
602 3595 682 3676 ejus.
722 3592 793 3656 Non
815 3597 894 3656 enim
910 3592 1016 3656 haeres
1037 3596 1258 3674 erumna,

67 3684 120 3761 jus
136 3676 260 3737 ancillae
282 3698 350 3736 cum
369 3674 435 3736 filio
454 3697 521 3737 meo
539 3679 632 3740 haec.
673 3679 761 3748 Unde
772 3698 867 3763 quum
883 3682 1009 3739 societas
1020 3699 1101 3760 nup-

13 3780 151 3827 -urum
174 3763 216 3821 ita
237 3760 277 3820 ab
298 3762 385 3820 initio
408 3763 571 3821 constituta
592 3763 650 3839 sit,
678 3773 715 3823 ut
735 3775 857 3847 praeter
878 3784 1003 3822 sernum
1024 3783 1102 3822 con-

10 3842 230 3921 iunctionem
254 3844 382 3906 haberet
401 3845 432 3904 in
457 3865 489 3904 se
513 3842 673 3907 CHRlSTI
694 3858 725 3907 et
750 3846 905 3908 Ecclesiae
932 3864 1257 3924 sacramen-mn„

10 3927 356 3995 :mg‘duhiumuon
375 3941 512 4004 est-eam
533 3930 771 4001 mulieremnon
789 3934 942 4014 pertinere
973 3932 1019 3999 ad.
1037 3952 1102 3993 ¹¹²³·
1113 3930 1199 4024 {1¹¹3ss
1211 3931 1268 4017 ⁰le
1270 3943 1278 4015 ’.

10 4016 230 4088 :timonium
251 4012 282 4070 in
305 4035 364 4094 qua
386 4013 518 4079 docetur
530 4012 757 4100 nuptialenon
778 4016 879 4079 fuisse¹
897 4017 1103 4105 ministerium.
1118 4031 1264 4076 eremmon·

127 4133 159 4190 ὅ·
203 4098 458 4193 AUGUSTINUS
482 4118 535 4203 lib.
561 4118 591 4181 1.
612 4114 651 4180 de
672 4121 787 4207 nuptiis
807 4130 838 4182 et
855 4123 1109 4209 concupiscentie,
1168 4142 1186 4173 '-

10 4214 113 4293 θη).
130 4208 175 4274 uu
196 4212 228 4266 et
247 4206 544 4289 strutionum
560 4202 776 4291 prememus,-
801 4205 836 4269 c.
858 4218 919 4301 ss,

836 4314 912 4396 es*
