2790 4792
288 357 340 424 00
529 347 609 438 on
656 343 1115 443 saoaannnro

287 532 420 613 quidem,
433 534 587 613 quoniam,
599 551 669 595 eum
679 529 758 595 nihil
767 530 996 609 contulerimus,
1007 531 1097 594 nobis
1109 532 1215 593 datum
1225 535 1283 593 site
1294 536 1348 597 be·

284 615 426 677 ueficium
446 629 590 698 tanquam
613 615 814 678 debentibus:
836 615 997 698 baptisma,
1015 629 1160 697 tanquam
1176 631 1305 699 peccata
1319 623 1347 680 in

284 701 366 763 unda
382 703 496 782 pariter
507 701 710 784 sepeliantur:
738 702 913 761 unctionem
924 722 1006 776 vero,
1034 713 1180 783 tanquam
1200 722 1291 762 saera
1309 706 1345 764 sit

282 798 313 844 et
336 787 439 866 regia,
466 785 617 867 siquidem
636 783 711 845 haec
733 797 819 847 erant
842 797 953 845 uncta:
972 785 1344 864 illuminationemautem,

279 880 423 950 tauquam
450 870 658 951 splendorem:
680 870 908 947 indumentum,
927 869 1020 929 veluti
1031 869 1234 950 turpitudinis
1256 884 1344 954 tegn-

279 966 429 1017 mentum:
461 953 613 1015 lavacrum
643 973 717 1016 vero
745 967 889 1035 tanquam
909 952 1111 1016 ablutionemt
1140 966 1173 1014 at
1202 955 1341 1037 sigillum,

276 1049 422 1118 tanquam
443 1040 702 1099 conservationem
723 1051 753 1099 et
774 1039 988 1099 dominationis
1010 1036 1261 1121 designationem.
1302 1041 1341 1101 Et

276 1122 370 1204 paulo
390 1133 478 1205 postt
518 1124 590 1205 Ipsa
611 1122 801 1205 baptismatis
819 1125 917 1206 gratia
938 1143 972 1182 ac
994 1124 1050 1198 vis,
1076 1144 1137 1183 non
1162 1122 1273 1183 mundi
1294 1124 1340 1185 di-

276 1207 403 1283 luvium,
422 1219 458 1267 ut
480 1206 564 1282 olim,
583 1206 639 1266 sed
660 1208 900 1288 uniuscuiusque
923 1207 1041 1289 peceati
1063 1208 1199 1266 continet
1227 1228 1339 1291 purga-

274 1293 411 1365 tionem,
429 1304 462 1352 ct
481 1289 683 1353 omnimodam
696 1290 879 1357 foeditatum
898 1305 929 1356 et
949 1291 1204 1372 inquinationum,
1225 1312 1339 1372 quaen

274 1377 424 1458 pravitate
434 1378 584 1458 ingressae
597 1387 686 1452 sunt,
706 1377 911 1457 rejectionem.
951 1375 1088 1435 Proinde
1108 1396 1177 1433 cum
1200 1374 1335 1458 duplices

272 1461 377 1532 simus,
399 1481 434 1519 ex
455 1463 553 1522 anima
574 1460 645 1520 dico
666 1471 696 1519 et
708 1479 853 1542 corpore,
873 1458 1012 1540 illudque
1024 1458 1163 1535 risibilis,
1188 1460 1248 1541 ista
1269 1482 1334 1520 vero

274 1544 434 1604 invisibilis
455 1547 495 1605 sit
514 1557 663 1613 naturast
683 1547 725 1604 ita
745 1558 778 1607 et
788 1543 901 1626 duplex
922 1555 968 1607 est
982 1545 1135 1625 purgatio,
1156 1565 1215 1625 per
1231 1565 1336 1626 aquam

274 1631 398 1708 inquam
420 1641 450 1688 et
470 1631 627 1710 spiritum:
650 1640 681 1688 et
697 1628 774 1689 haec
798 1627 923 1709 quidem
947 1627 1106 1687 visibiliter
1129 1647 1163 1685 ac
1186 1649 1335 1711 corpora·

272 1711 343 1770 liter
362 1713 544 1792 suscipitur,
567 1724 599 1772 at
621 1711 676 1771 illa
690 1712 929 1795 incorporaliter
944 1724 975 1772 et
999 1710 1194 1771 invisibiliter
1216 1734 1330 1773 coneo·

274 1796 416 1852 mitetur:
437 1815 475 1853 ao
496 1816 554 1854 una
574 1794 699 1875 quidem
722 1808 769 1857 est
787 1796 933 1878 figuralis,
954 1794 1007 1854 sed
1032 1795 1128 1855 altera
1147 1817 1231 1873 vera,
1259 1818 1331 1880 quac

275 1888 306 1936 et
344 1877 499 1959 profunda
537 1891 706 1962 expurgat,
748 1881 865 1960 prioris
901 1881 1105 1961 generationis
1146 1880 1333 1942 adiutorium

276 1962 417 2030 existens3
437 1982 532 2022 noros
570 1983 606 2022 ro
626 1962 791 2038 veteribus,
808 1983 844 2021 ao
865 1963 939 2022 DEI
956 1963 1076 2038 similes,
1097 1985 1157 2046 pro
1191 1987 1228 2025 eo
1253 1964 1332 2047 quod

276 2065 358 2105 unnc
372 2067 485 2121 sumus,
507 1984 612 2119 astilit,
636 2045 754 2127 absque
775 2048 838 2128 igni
866 2045 1011 2122 conflans,
1040 2059 1070 2106 et
1094 2050 1159 2107 sine
1196 2051 1331 2109 coeliac-

276 2131 360 2188 tione
384 2130 548 2189 irradiansr
572 2131 599 2193 si
623 2131 703 2189 enim
725 2130 862 2190 breviter
881 2131 981 2192 dicere
1004 2143 1147 2213 oportet,
1167 2129 1329 2216 baptisma·

276 2215 316 2274 tis
338 2215 393 2289 vis,
415 2236 484 2274 cum
505 2215 573 2274 Deo
595 2216 675 2276 vitae
691 2213 852 2290 secundae,
877 2236 912 2274 ac
933 2217 1071 2298 purioris
1097 2219 1328 2279 conversationis

179 2364 186 2378 ι
277 2309 322 2356 est
345 2311 468 2380 pactum
490 2298 682 2358 censendum.
724 2297 807 2358 Ibid.
847 2299 948 2358 Exivit
969 2321 987 2359 a
1008 2311 1038 2359 te
1062 2302 1202 2381 impurus
1225 2301 1280 2364 ille
1306 2313 1331 2361 et

276 2384 436 2445 materialis
459 2386 595 2466 spiritur,
616 2382 798 2465 baptismate
811 2383 969 2466 expulsus:
990 2404 1051 2442 non
1070 2385 1331 2468 fertpersecutio·
1364 2450 1368 2455 ,

275 2489 354 2542 nem,
373 2490 436 2528 non
453 2471 582 2529 sustinet
603 2467 720 2550 absque
744 2470 837 2527 domo
861 2480 891 2527 et
912 2467 973 2527 lare
995 2468 1123 2549 degere:
1156 2473 1262 2552 pergit
1280 2490 1330 2552 per

275 2551 344 2611 loca
363 2553 521 2634 inaquosa,
553 2564 585 2614 et
608 2553 728 2612 divinae
748 2554 935 2634 irrigationis
957 2552 1057 2611 arida:
1080 2552 1125 2612 ibi
1147 2557 1264 2614 versari
1283 2577 1332 2614 cu·

274 2637 330 2717 pit,
351 2639 568 2711 circumerrat,
590 2651 741 2718 quaerens
766 2639 912 2717 requiem,
937 2657 993 2696 nec
1019 2638 1150 2696 invenit:
1180 2641 1212 2697 in
1231 2639 1332 2721 bapti·

275 2731 354 2777 ratas
383 2720 493 2780 incidit
508 2721 629 2793 animas,
652 2739 784 2799 quarum
805 2723 985 2801 pravitatem
1019 2719 1189 2780 lavacrum‘
1205 2723 1330 2783 eluceat:

62 2828 64 2834 ·
102 2798 184 2840 Μ’·
192 2802 215 2846 ⁸·
224 2802 263 2845 32·
274 2803 360 2862 timet
372 2824 491 2884 aquam,
505 2807 687 2884 purgatione
701 2803 879 2880 suffocatur,
890 2803 1147 2885 quemadmodum
1159 2807 1241 2888 legio
1253 2808 1332 2868 mari.

310 2912 313 2921 ·
359 2900 407 2954 11.
451 2886 640 2945 CLEMENS
663 2886 745 2945 Alex.
766 2888 800 2946 L.
823 2889 847 2947 1.
868 2889 1036 2973 paedagog.
1061 2911 1086 2948 o.
1110 2903 1145 2957 6:
1189 2893 1254 2967 Qui
1275 2894 1332 2951 tiu·

100 2970 384 3055 njtnqrustapgimur,
405 2968 548 3030 abstersis
570 2972 720 3052 pcccatis,
741 2991 819 3050 quae
833 2973 936 3032 divino
959 2975 1081 3055 spiritui
1110 2976 1208 3034 instar
1231 2976 1332 3058 caligi-

100 3049 172 3085 Μ·
271 3057 318 3114 nis
341 3053 480 3115 tenebras
506 3051 712 3130 effundebant,
728 3054 867 3130 liberum,
891 3055 929 3115 ab
950 3060 1093 3137 omnique
1113 3059 1329 3141 impedimento

270 3160 411 3217 vacuum,
434 3151 465 3199 et
479 3137 618 3200 lucidum
637 3137 783 3199 habemus
803 3143 927 3222 spiritus
956 3142 1096 3201 oculum:
1122 3164 1187 3222 quo
1210 3144 1330 3225 quidem

270 3225 349 3301 solo,
372 3222 460 3307 quod
480 3222 618 3284 divinum
646 3234 700 3295 est,
722 3225 896 3299 intuemur,
916 3225 1041 3284 caelitus
1072 3225 1218 3288 inlluente
1244 3229 1329 3289 nobis

270 3321 376 3369 sancto
398 3298 520 3391 spiritui
563 3307 604 3367 Et
624 3307 715 3388 paulo
734 3320 821 3375 antea,
838 3310 949 3384 Tincti,
970 3309 1195 3370 illuminamur:
1218 3311 1331 3372 illumi·

269 3396 343 3466 nati,
366 3395 398 3452 in
419 3391 499 3453 filios
512 3391 710 3475 adoptamur:
733 3393 880 3475 adoptati,
896 3391 1085 3475 perficimur:
1108 3395 1250 3477 perfecti,
1273 3392 1328 3456 im·

34 3534 38 3541 ,
74 3526 77 3531 .
98 3469 260 3573 §gfflassj
269 3476 414 3537 mortales
433 3477 599 3540 reddimur.
642 3475 721 3558 Ego,
741 3478 851 3559 iuquit,
874 3477 954 3537 dixi:
975 3478 1027 3536 Dii
1050 3480 1130 3555 estis,
1154 3491 1185 3538 et
1203 3477 1260 3539 filii
1282 3499 1330 3541 ex·

99 3566 170 3610 asne
270 3560 342 3620 celsi
365 3581 477 3623 omnes
520 3561 627 3620 Multis
648 3573 748 3621 antem
768 3562 866 3622 modis
895 3573 1022 3621 vocatur
1043 3561 1105 3621 hoc
1131 3583 1229 3644 opus,
1253 3565 1330 3624 Gra·

22 3638 27 3653 '
247 3646 323 3720 ¹tia,
343 3643 541 3718 Illuminatio,
568 3644 763 3722 Perfectum,
786 3660 816 3707 et
845 3648 1019 3706 Lavacrum.
1062 3648 1231 3706 Lavacrum
1262 3649 1331 3730 qui·

251 3727 349 3802 dem,
371 3747 429 3809 per
449 3726 677 3810 quodpeeeata
698 3729 907 3814 abstergimus.
951 3730 1056 3789 Gratia
1070 3740 1179 3807 autem,
1203 3753 1269 3813 qua
1283 3752 1332 3791 re·

269 3803 434 3872 mittuntur
454 3832 579 3893 poenae,
603 3833 681 3895 quac
697 3821 830 3896 peccatis
857 3814 1018 3875 debentur.
1059 3814 1247 3875 illuminatio
1276 3836 1331 3877 au·

217 3900 221 3905 '
269 3908 341 3972 tem,
360 3916 417 3978 per
438 3916 529 3976 qnam
553 3901 686 3956 sanctam
703 3898 786 3959 illam
806 3911 837 3960 et
861 3898 1023 3956 salutarem
1042 3898 1140 3957 lucem
1166 3901 1332 3973 intuemur,

270 3977 332 4040 boc
343 3991 397 4055 est,
409 4001 466 4062 per
484 3992 575 4060 quam
595 3981 638 4057 id,
660 3983 746 4063 quod
766 3994 812 4045 cst
835 3981 980 4056 divinum,
1001 3984 1211 4064 perspicimus.
1255 3985 1333 4045 Per·

272 4063 387 4123 fectum
410 4075 508 4123 autem
528 4065 665 4142 dicimus,
686 4068 735 4127 oui
758 4065 836 4126 nihil
858 4065 951 4124 deest.
995 4067 1080 4140 Quid
1103 4067 1182 4126 enim
1202 4070 1232 4127 ei
1245 4069 1334 4144 desit,

272 4148 336 4226 qni¹
345 4147 448 4210 Deum
463 4148 570 4209 novit?
591 4149 648 4210 Est
660 4153 739 4209 enim
761 4171 865 4210 revera
882 4149 1060 4228 absurdum,
1072 4152 1131 4210 Dei
1143 4155 1253 4212 vocari
1263 4174 1334 4237 gra-

273 4231 356 4311 tiam,
376 4252 457 4316 quae
473 4253 537 4294 uon
562 4235 603 4295 sit
620 4235 766 4318 perlecta,
787 4246 818 4296 ct
834 4234 1038 4317 undequaque
1057 4233 1156 4319 plena.
1201 4238 1271 4316 Qui
1291 4246 1336 4300 ert

104 994 149 1038 vi·
160 997 268 1050 baptismi
