2782 4786
286 215 399 327 (ω’
542 246 623 309 ΒΕ
663 241 1125 331 ΕΔΩΗΜΕΝΤΟ

117 477 141 517 5,
165 478 281 524 „pm
293 440 358 521 ipsa
384 436 508 519 quidem
523 433 776 525 'eopcupiscentiu
800 434 864 513 jam
885 429 950 493 ndu
980 443 1028 494 est
1044 444 1201 515 peccatum
1218 433 1250 494 ln
1270 446 1361 519 rege·-

118 527 157 566 ¹¹⁸·
292 533 425 598 noratis,
462 519 590 602 quando
630 517 675 582 illi
707 519 746 577 ad
781 517 887 577 illreita
923 539 1017 598 opera
1056 538 1117 578 non
1156 521 1358 597 consentitur,

294 621 386 688 atque
407 619 444 666 ut
463 628 497 666 ea
511 613 705 688 perpetrent,
736 622 754 661 a
773 604 876 689 regina
890 613 990 662 mente
1007 603 1142 663 membra
1156 625 1218 671 non
1233 602 1359 681 dantur,

120 712 198 757 niort.
209 714 281 753 roma
294 704 348 767 ut,
374 691 400 749 si
432 711 493 749 non
518 687 574 762 fit,
602 686 689 767 quod
707 687 945 768 scriptumest:
978 686 1280 769 Nou-concupiscas:
1303 687 1358 749 liat

116 764 283 806 '2⁰⁰¹⁶⁵‘¹⁸'⁵⁰‘
294 776 397 836 saltem
410 804 433 849 ,·
453 773 534 855 quod
562 771 636 831 alibi
662 771 788 852 legitur:
828 769 906 829 Post
925 774 1184 852 concupiscentias
1205 783 1272 832 tuas
1290 793 1356 832 nou

294 881 353 921 eas.
397 858 458 917 Sed
491 857 563 937 quia
583 853 677 914 modo
701 853 837 936 quodam
870 853 1019 935 loquendi
1037 868 1195 938 peccatum
1216 870 1356 935 vocatur,

295 941 378 1025 quod
398 952 523 1023 peccato
545 941 624 999 facta
652 950 706 1013 cst,
729 949 759 996 et
782 949 954 1020 peccatum,
976 941 1001 998 si
1022 942 1146 1011 vicerit,
1169 941 1242 1000 facit
1258 962 1354 1016 reum,

294 1040 395 1087 reatus
410 1027 476 1106 ejus
496 1024 576 1084 valet
591 1027 621 1082 iu
642 1034 796 1106 generato.
839 1023 939 1096 Quem
964 1037 1082 1083 reatum
1102 1025 1263 1084 CHRISTI
1282 1047 1358 1107 gra·-

294 1114 336 1171 tia
365 1131 423 1192 per
446 1110 650 1169 remissionem
672 1109 808 1167 omnium
835 1120 1032 1188 peccatorum
1050 1111 1080 1167 in
1105 1122 1306 1191 regenerato,
1328 1112 1354 1168 si

294 1197 333 1256 ad
352 1195 430 1254 mala
452 1214 548 1275 opera
573 1195 599 1251 ei
619 1191 847 1273 quodammodo
875 1191 997 1271 jubenti
1015 1214 1077 1252 non
1101 1193 1241 1266 obediat,
1270 1193 1356 1253 vale·

132 1296 253 1360 Quomodo
293 1302 327 1339 rc
355 1302 418 1340 non
449 1280 529 1336 sinit.
581 1277 632 1336 Sic
653 1288 750 1335 autem
780 1287 907 1333 vocatur
934 1289 1113 1357 peccatum,
1137 1280 1208 1357 quia
1226 1291 1363 1358 peccatox

118 1355 373 1454 {ssfififflm'facta
396 1372 456 1437 est,
493 1382 562 1419 cum
591 1362 653 1440 jam
676 1362 709 1418 iu
735 1361 918 1442 regeneratis
943 1382 1006 1420 non
1037 1364 1078 1420 sit
1094 1363 1160 1442 ipsa
1181 1376 1352 1443 peccatum,

87 1468 92 1479 ‘
292 1451 373 1508 sicut
395 1457 524 1526 vocatur
546 1444 649 1528 lingua
666 1445 807 1518 locutio,
834 1445 1019 1524 quemfecit
1039 1446 1165 1526 lingua,
1196 1458 1228 1504 et
1245 1467 1353 1507 manus

291 1544 419 1592 vocatur
447 1531 620 1610 scriptura,
661 1550 752 1609 qnam
788 1528 861 1595 facit
878 1549 991 1589 manus.
1033 1531 1172 1610 Itemque
1192 1531 1236 1588 sic
1259 1552 1353 1593 voca-

290 1629 345 1676 tur
367 1626 540 1699 peccatum,
571 1616 643 1694 quia
662 1623 841 1694 peccatum,
866 1615 891 1671 si
903 1615 1011 1690 vincit,
1044 1615 1132 1673 facit:
1161 1616 1239 1673 sicut
1264 1637 1358 1676 vocas

214 1736 218 1747 ·
260 1711 343 1757 'tor
369 1699 466 1780 frigus
487 1699 625 1780 pigrum,
658 1718 720 1755 non
746 1697 873 1776 quoda
905 1699 1004 1781 pigris
1021 1695 1094 1774 fiat,
1121 1698 1175 1757 sed
1200 1698 1287 1779 quod
1305 1701 1357 1783 pi-

188 1784 191 1789 ⁴
245 1786 248 1791 ’
289 1804 361 1866 gros
382 1784 484 1844 saciat.
1024 1808 1032 1837 i

239 1892 243 1897 ·
319 1934 322 1939 ⁴
369 1881 410 1933 ὄρ
427 1865 496 1926 ἘΤ
516 1886 581 1946 cap
605 1877 671 1931 25.:
705 1863 738 1922 Si
761 1865 940 1945 quaeritur,
969 1863 1128 1945 quomodo
1152 1866 1211 1927 ista
1239 1889 1355 1928 conen.

196 1993 199 1997 -
283 1944 436 2038 plectentia
458 1950 557 2010 carnis
582 1946 753 2008 maneat'iu
771 1960 970 2031 regenerato,
1002 1949 1034 2007 in
1053 1971 1117 2029 quo
1140 1953 1353 2013 universorum

162 2036 165 2041 ’
291 2038 372 2096 l'acta
407 2046 453 2094 est
488 2035 624 2094 remissio
659 2045 878 2116 peccatorum,
911 2032 1160 2114 quandoquidem
1181 2037 1350 2119 peripsam

293 2123 478 2192 seminatur,
517 2129 547 2177 et
579 2118 648 2176 cum
670 2118 736 2198 ipsa
751 2150 754 2154 ·
772 2117 899 2176 carnalis
940 2119 1075 2200 gignitur
1099 2118 1202 2200 proles
1216 2123 1349 2202 parentis

235 2264 239 2275 ,
294 2209 381 2265 etiam
402 2203 563 2285 baptizati:
599 2213 651 2261 aut
671 2212 751 2260 certe
776 2203 801 2261 si
821 2203 852 2259 in
869 2212 995 2284 parente
1016 2201 1170 2284 baptizato
1189 2216 1295 2287 potest
1320 2216 1351 2266 et

151 2348 154 2353 .
193 2298 196 2303 ’
284 2292 374 2364 esse,
399 2299 430 2347 et
447 2298 603 2370 peecatum
625 2307 687 2346 non
714 2304 794 2360 esse,
813 2307 869 2345 cur
891 2286 995 2345 eadem
1024 2289 1088 2367 ipsa
1112 2290 1144 2346 in
1166 2287 1255 2370 prole
1278 2311 1353 2370 pec·

134 2396 255 2462 quomodo·
271 2387 393 2435 catum
421 2374 476 2431 site
516 2370 565 2431 Ad
593 2370 668 2430 hacc
689 2370 908 2452 respondetur,
943 2370 1054 2429 dimitti
1075 2375 1352 2454 concupiscentiam

120 2446 392 2543 {iwffiffiffigcarnis
417 2459 448 2515 in
480 2455 650 2538 baptismo,
684 2473 745 2513 non
780 2466 814 2513 ut
843 2457 981 2529 nonsit,
1014 2456 1068 2514 sed
1086 2469 1121 2515 ut
1138 2460 1168 2516 in
1193 2470 1352 2538 peccatum

121 2516 283 2600 inaflflrfflmr
295 2561 356 2601 non
372 2543 549 2621 imputetur.
594 2540 737 2614 Quamvis
753 2550 852 2597 autem
869 2549 955 2598 reatu
975 2560 1032 2598 suo
1053 2541 1115 2621 jam
1140 2541 1264 2616 soluto,
1286 2565 1351 2603 ma-

102 2596 237 2642 '''⁰⁰‘'l'
253 2601 467 2685 ιθήεῑ-ῑέιιηεη
482 2624 579 2682 donec
604 2635 724 2682 sanetur
746 2626 842 2682 omnis
859 2621 1016 2683 infirmitas
1040 2639 1162 2703 nostra,
1181 2624 1352 2708 proficien-

295 2719 325 2767 te
337 2709 551 2767 tren'ovatioue·
565 2708 717 2765 interioris
740 2706 872 2766 hominis
891 2708 929 2766 dc
951 2708 1000 2767 die
1019 2711 1051 2766 in
1076 2710 1174 2786 diem,
1208 2732 1278 2769 cum
1299 2733 1350 2771 ex-

295 2794 416 2851 terioi·=
430 2791 565 2850 induerit
593 2793 865 2872 incorruptionem:
899 2813 961 2850 non
999 2796 1078 2852 enim
1109 2795 1350 2857 substantialiter
1382 2859 1389 2866 ,

191 2942 195 2949 ,
294 2888 413 2951 manet,
432 2878 511 2934 sicut
542 2874 661 2956 aliquid
685 2894 797 2958 corpus
817 2887 871 2935 aut
899 2879 1045 2957 spiritus,
1077 2878 1131 2937 sed
1151 2877 1278 2938 affectus
1305 2892 1349 2942 est

133 3016 137 3021 .
162 2968 175 3027 ,“
191 2971 273 3040 ,““’ῑζζζ
295 2961 451 3041 quaedam
473 2957 568 3019 malae
592 2960 745 3040 qualitatis
770 2963 850 3019 sicut
868 2958 1007 3042 languor.
1049 2964 1119 3022 Non
1140 2985 1212 3045 ergo
1230 2963 1347 3046 aliquid

294 3044 553 3125 remanat5'qu0d
570 3065 632 3114 ¹non
651 3046 839 3120 remittatur,
868 3065 937 3122 cum
952 3043 1003 3121 fit,
1027 3048 1105 3106 sicut
1129 3049 1275 3129 scriptum
1294 3061 1350 3110 est:

121 3170 267 3217 mm,
293 3128 450 3212 Propitius
465 3130 619 3188 Dominus
648 3128 788 3189 omnibus
817 3129 1027 3210 iniquitatibus
1054 3134 1189 3207 uostris,
1223 3133 1276 3193 sed
1294 3133 1351 3194 do·

216 3201 228 3214 ”
293 3232 350 3273 nec
372 3208 580 3295 fiat-et'quod
597 3215 753 3293 sequitur:
777 3212 840 3288 Qui
859 3225 945 3276 sanat
967 3236 1069 3275 omnes
1091 3216 1255 3299 languores
1268 3229 1349 3294 tuos,

245 3306 248 3313 '
279 3292 521 3379 quui-edisne
534 3297 572 3357 de
593 3298 790 3380 corruptione
802 3299 894 3357 vitam
913 3310 1012 3358 tuam:
1044 3313 1143 3362 manet
1164 3302 1196 3374 in
1217 3322 1350 3384 corpore

122 3381 511 3473 „„„,.-1,-·mo1tis-1hujus
530 3381 655 3440 carnalis
674 3383 925 3463 concupiscentia.
968 3384 1205 3463 Cujus-vitiosis
1230 3386 1350 3446 deside·

136 3502 170 3537 ‚¹
294 3468 347 3524 riis
361 3466 399 3525 ed
413 3464 517 3524 illicita
532 3465 734 3546 perpetranda
744 3486 804 3525 nou
819 3465 947 3526 obedire
960 3471 1178 3550 praecipimur,
1199 3482 1350 3554 neregnet

230 3560 233 3567 '
292 3549 635 3633 peccatumcin··nostro
669 3551 791 3610 mortali
817 3572 971 3633 corpore..
1010 3554 1097 3627 Quae
1112 3564 1212 3613 tamen
1234 3575 1351 3614 concu-

316 3635 442 3693 isceutia
470 3632 609 3712 quotidie
626 3634 773 3695 minuitur
796 3633 1085 3717 iti-proficientibus
1107 3651 1137 3698 et
1162 3641 1351 3699 continenti·

291 3655 373 3776 lus:
403 3717 684 3776 accedente-autem
705 3718 986 3793 senectute‚··multo
1008 3727 1141 3782 maxime.
1185 3725 1250 3799 Qui
1275 3742 1349 3785 veru

295 3802 322 3860 ei
342 3803 484 3882 nequiter
504 3803 654 3876 serviunt,
676 3814 773 3863 tantas
798 3805 828 3862 in
851 3805 893 3863 eis
915 3806 993 3862 vires
1016 3809 1137 3889 accipit,
1159 3819 1194 3867 ut
1214 3804 1350 3890 ple'rum·

294 3893 355 3965 qu'e
385 3888 449 3967 jam
463 3881 575 3946 aetate
615 3885 825 3948 deficientibus
845 3886 1004 3963 membris,
1031 3889 1197 3972 iisdemque
1212 3891 1354 3975 partibus

294 3968 505 4051 corporis-sd
527 3971 605 4033 illud
634 3992 711 4054 opus
734 3974 797 4052 jam
817 3973 932 4031 mosas·
955 3973 1049 4043 minus
1071 3975 1264 4052 valentibus,
1283 3988 1353 4036 tur-

120 4061 283 4167 23⁸5}ssss
292 4057 362 4143 pius
374 4065 417 4114 -et
436 4057 599 4136 procacius
619 4057 759 4116 insanire¹
773 4076 836 4114 non
858 4054 984 4116 desinat
1030 4104 1036 4132 ³
1059 4096 1062 4103 -

109 4152 197 4213 awa
236 4176 256 4205 2.
377 4137 1353 4230 artuumniuosos.epuu1,1>eu3an.c.1a:concupis-
