2790 4792
325 318 906 431 mio'nnrrunrrase.
1082 276 1161 409 esa

83 514 304 580 humilictme·
325 518 408 577 Deus
430 514 512 601 apud
539 519 671 589 vestet
693 513 811 598 lugeam
836 516 948 580 multos
968 527 1008 580 'ex
1033 519 1079 596 iis,
1103 519 1158 600 qui

90 640 162 688 ante
188 610 396 715 peecaverunt,
415 637 445 687 et
458 640 521 683 non
539 611 669 706 egerent
687 625 904 706 poenitentiam
920 648 1012 710 snper
1025 629 1156 692 immun-

90 736 170 796 ditia
189 738 220 796 et
240 734 437 795 fornicatione
465 715 831 814 el'impudicitia,qt1am
853 718 1019 818 gesserunt.

382 879 815 1029 'earnes
945 929 1116 1010 ;··

171 1126 197 1186 1.
238 1114 466 1178 CONCILIUM
486 1111 693 1174 Florentinum
713 1113 745 1173 ln
762 1113 905 1176 doctrina
926 1114 1153 1177 deSacramen-
1175 1143 1323 1189 marist..

26 1242 29 1247 -
84 1206 137 1263 tis:
181 1203 333 1279 Quartum
363 1200 668 1275 Sacramentumnest
696 1197 907 1276 Poenitentia‚
942 1202 1031 1279 cujus
1067 1193 1294 1284 quasiffissngf⁰¹³'

82 1290 206 1347 materia
227 1298 298 1344 sunt
316 1294 400 1342 actus
420 1281 616 1355 Poenitentis,
632 1279 729 1362 quiin
745 1293 807 1342 tres
829 1283 1059 1366 distinguuntur
1079 1306 1153 1368 par-

82 1384 135 1432 tes.
193 1373 334 1447 Quarum
367 1366 465 1449 prima
487 1377 532 1424 est
554 1365 658 1424 cordis
683 1368 844 1441 contritio,
875 1367 915 1426 ad
942 1389 1032 1448 quam
1053 1370 1155 1450 perti·

80 1470 143 1525 net,
164 1469 201 1515 ut
223 1453 325 1512 doleat
344 1449 382 1509 de
401 1444 531 1532 peccato
551 1449 708 1509 cc'mmisso
727 1471 796 1510 eum
809 1449 979 1537 'proPosito
999 1473 1059 1511 non
1077 1473 1153 1534 pec-

80 1540 171 1600 candi
191 1537 229 1596 de
253 1546 382 1594 caetero.
426 1533 566 1592 Secunda
588 1546 633 1593 est
653 1537 713 1592 oris
731 1536 893 1611 confessio,
913 1535 951 1595 ad
974 1557 1064 1616 quam
1077 1557 1152 1617 per-

79 1628 168 1698 tinet,
188 1634 224 1680 ut
245 1631 390 1699 peccator
413 1621 512 1677 omnia
533 1631 667 1700 peccata,
690 1639 823 1700 quorum
851 1622 1027 1679 memoriam
1046 1620 1150 1696 habet,
1309 1693 1312 1700 Ι

79 1716 138 1766 'suo
161 1703 319 1763 sacerdoti
339 1701 523 1762 confiteatur
544 1703 740 1787 integraliter.
780 1703 883 1763 Tertia
916 1716 960 1764 est
981 1705 1148 1767 satisfactio
1240 1703 1243 1711 ’

28 1840 31 1846 .
78 1812 138 1874 pro
164 1788 296 1871 peccatis
321 1786 486 1868 secundum
515 1786 675 1847 arbitrium
700 1787 901 1863 sacerdotis,
916 1809 995 1871 qnae
1023 1789 1148 1870 quidem
1308 1858 1311 1863 ⁴

100 1869 292 1954 raccipuefit
315 1873 556 1952 perorationem,
571 1873 717 1931 ieiunium
735 1885 765 1931 et
789 1870 1013 1948 eleemosynam.
1036 1874 1147 1935 Forma
1155 1900 1246 1955 m,
1294 1904 1297 1911 ·

75 1898 173 2038 liujus
196 1957 369 2014 sacramenti
390 1960 461 2015 sunt
478 1955 569 2016 verba
587 1954 799 2032 absolutionis,
814 1962 896 2049 quae
909 1958 1049 2018 sacerdos
1065 1980 1145 2042 pro·

72 2043 147 2118 fert,
170 2061 237 2098 cunr
259 2040 346 2098 dicit:
389 2039 457 2120 Ego
476 2052 506 2098 te
530 2039 656 2103 absolvo
676 2053 733 2101 etc.
885 2086 889 2091 .

161 2139 193 2203 2,
234 2123 458 2183 CONCILIUM
479 2124 615 2183 Trident.
638 2146 709 2186 sess.
729 2122 812 2187 xlv.
845 2147 912 2209 cap.
943 2119 974 2194 ⁷5·
1006 2129 1038 2187 in
1068 2127 1145 2189 doc-

74 2211 156 2270 trina
174 2206 212 2266 de
232 2207 429 2275 Sacramento'
449 2206 684 2292 Paenitentiam·
715 2210 792 2269 Sunt
825 2225 925 2270 antem
960 2213 1047 2290 qnasi
1075 2233 1143 2271 ma-

78 2296 152 2373 teria
171 2292 265 2372 hujus
290 2293 475 2359 sacramenti
497 2295 590 2377 ipsius
608 2297 794 2378 poenitentis
813 2308 909 2368 actus,
935 2314 1041 2372 nempe
1065 2315 1141 2353 con-

80 2377 169 2455 tritio,
195 2372 356 2453 confessio,
382 2391 412 2436 et
429 2378 605 2437 satisfactio.
650 2378 712 2448 Qui
736 2387 883 2456 quatenus
905 2379 935 2434 in
956 2379 1138 2456 poenitente,
1149 2400 1254 2441 Materia.

38 2493 41 2499 ·
80 2461 339 2544 ad'integritatem
359 2463 548 2532 sacramenti,
566 2459 606 2518 ad
630 2457 813 2538 plenamque
833 2470 863 2516 et
877 2456 1043 2538 perlectam
1067 2480 1142 2541 pec·
1168 2498 1171 2503 -

75 2559 213 2609 catorum
242 2549 448 2605 remissionem
476 2565 509 2603 ex
531 2545 591 2602 Dei
619 2543 809 2600 institutione
838 2543 1055 2623 requiruntur,
1083 2544 1141 2602 hac

73 2633 191 2703 ratione
219 2631 422 2712 poenitentiae
451 2639 554 2706 partes
587 2622 741 2682 dicuntur.
795 2624 837 2685 Et
858 2625 991 2686 ibidem:
1040 2629 1240 2692 Docetrorma

71 2729 228 2801 praeterea
251 2725 354 2770 sancta
377 2711 531 2785 Synodus,
564 2711 741 2768 sacramenti
767 2709 976 2773 Poenitentiae
1002 2713 1139 2789 formam,

72 2804 105 2859 in
132 2819 193 2880 qum
219 2797 383 2878 praecipue
401 2796 496 2874 ipsius
525 2796 569 2853 vis
595 2795 738 2877 sitalem,
764 2797 797 2854 in
823 2796 882 2856 illis
915 2800 1044 2858 ministri
1070 2820 1140 2858 ver-
1186 2856 1190 2861 .

73 2886 122 2945 bis
141 2882 271 2964 positam
290 2899 367 2936 esse:
411 2878 478 2959 Ego
500 2888 530 2938 te
547 2876 764 2952 absolvo,'etc.
808 2875 929 2957 Quibus
944 2876 1074 2963 'quidem
1100 2883 1139 2943 de

70 2966 229 3029 Ecclesiae
248 2974 367 3020 sanctae
392 2982 476 3020 more
496 2982 602 3046 preces
631 2963 779 3047 quaedam
800 2967 995 3026 laudabiliter
1028 2969 1140 3027 adiun-
1213 2975 1219 2991 ¹

71 3063 200 3136 guntur,
220 3035 257 3106 ad
276 3049 377 3128 ipsius¹
398 3059 496 3106 tamen
517 3048 634 3108 formae
658 3057 815 3126 essentiam
834 3072 1028 3130 nequaquam
1049 3072 1139 3132 spec-

69 3146 160 3211 tant,
182 3153 281 3214 neque
304 3131 343 3192 ad
367 3133 461 3214 ipsius
485 3131 668 3194 Sacramenti
686 3133 977 3195 administrationem
995 3146 1065 3195 sunt
1083 3151 1156 3192 rte-¹

68 3237 226 3282 cessarme.
656 3245 657 3249 ¹
894 3249 897 3253 ¹

154 3315 183 3369 5.
228 3300 272 3361 IN
288 3300 390 3360 eadem
411 3303 542 3360 sessione
565 3323 677 3363 canone
707 3315 842 3384 quartos
885 3302 918 3362 Si
947 3304 1014 3385 quis
1045 3315 1331 3384 nega-mummola

68 3391 159 3462 verit,
184 3386 223 3446 ad
250 3389 395 3469 integram
416 3398 447 3445 et
467 3385 632 3468 perfectam
652 3389 851 3471 peccatorum
867 3390 1069 3446 remissionem
1084 3371 1300 3472 re-fffiffl

70 3475 155 3556 quiri
178 3483 240 3531 tres
265 3481 350 3530 actus
368 3473 403 3529 in
433 3471 624 3552 poenitente,
648 3482 734 3553 quast
764 3475 918 3532 materiam
950 3471 1136 3531 Sacramenti

65 3557 286 3644 poeniteutiae,
305 3555 456 3632 videlicet,
484 3555 990 3633 Contritionem,·Confessionem,
1018 3568 1049 3615 et
1080 3555 1136 3613 Sa-

67 3643 283 3728 tisfactionem,
305 3661 384 3720 quae
407 3652 467 3700 tres
485 3640 687 3722 poenitentiae
705 3652 806 3722 partes
822 3641 981 3701 dicuntur:
1004 3653 1056 3699 aut
1070 3638 1137 3697 dix-

69 3729 138 3802 erit,
162 3724 235 3784 dnas
254 3736 371 3785 tantum
393 3745 457 3784 esse
480 3725 682 3806 poenitentiae
707 3737 811 3807 partes
823 3770 832 3802 ,
862 3739 993 3784 terrores
1021 3723 1136 3784 scilicet

69 3815 208 3872 incussos
229 3811 452 3884 conscientiae,
475 3809 579 3891 agnito
606 3820 750 3889 peceato,
780 3819 810 3867 et
845 3808 936 3889 fidem
959 3819 1135 3892 conceptam
1167 3818 1170 3836 '⁸
1283 3822 1285 3829 ’

72 3917 105 3956 ex
135 3894 325 3978 Evangelio,
351 3893 400 3953 vel
430 3891 646 3968 absolutione,
677 3914 736 3972 qua
767 3892 864 3953 credit
890 3895 969 3975 quis,
988 3892 1047 3952 sibi
1076 3913 1133 3975 per
1269 3890 1272 3895 ⁴

72 3978 224 4038 Christum
240 3981 362 4038 remissa
386 3989 520 4059 peccata,
539 3976 695 4036 anathema
715 3978 761 4034 sit.
949 3980 951 3985 ‘

156 4077 184 4132 4.
229 4061 553 4123 CHRYSOSTOMUS
565 4063 598 4122 in
618 4060 811 4123 sermonede
827 4059 1034 4133 Poenitentia:
1055 4061 1135 4141 Per<

69 4147 149 4207 fecte
170 4150 360 4231 poenitentia
382 4149 466 4242 cogit
486 4159 549 4219 etc.
576 4159 611 4207 ut
626 4150 659 4208 iu
677 4157 769 4225 textu,
791 4158 822 4207 ct
840 4145 929 4226 infra,
953 4159 1066 4228 quaest.
1079 4147 1136 4207 de-

30 4302 34 4311 ι
68 4232 157 4310 eima,
178 4229 260 4299 Aa).
