2790 4792
242 243 296 314 m
472 220 1071 319 'nusacnauunuo

242 419 389 509 llrdentes
410 431 510 480 nutent
525 417 613 479 Petri
627 416 827 479 constantiam
847 429 879 480 et
895 417 1032 499 loannis,
1052 433 1211 506 comperto
1225 424 1310 508 quod

241 530 380 591 homiues
400 540 498 588 essent
517 528 582 587 sinc
601 524 697 585 literis
720 536 780 585 etc.
824 523 963 614 Ibidem:
1008 526 1041 589 Si
1062 529 1182 611 justum
1208 544 1256 594 est
1280 536 1308 597 iu

243 647 410 720 conspeetu
431 634 489 694 Dei
512 653 566 692 vos
592 633 696 714 potius
719 631 824 691 audire
853 643 921 703 etc.¹
953 631 1062 694 atilli
1092 624 1306 701 comminantes

244 744 423 805 dimiserunt
443 759 504 800 eos.
544 738 585 797 Et
617 734 709 820 paulo
738 749 829 820 post:
864 737 908 798 Et
936 759 1005 799 cum
1029 718 1181 820 orassent,
1210 758 1304 806 motm

174 925 177 929 ι
244 864 291 912 est
311 851 408 926 loeus,
435 851 466 908 in
493 856 656 928 quoerant
685 845 887 928 congregatis
911 858 942 907 et
971 845 1182 930 repleti‘sunt
1209 850 1304 913 omues

189 1018 191 1023 ,
243 956 364 1042 Spiritu
383 967 498 1031 sancto,
521 965 551 1013 et
562 948 769 1033 loquebantur
791 948 920 1011 verbum
935 955 993 1014 Dei
1015 974 1084 1015 eum
1103 950 1240 1018 fiducia·
1270 958 1305 1019 Et

195 1056 199 1063 ’
243 1067 356 1125 virtute
372 1082 478 1145 magna
490 1059 660 1121 reddebant
677 1055 820 1140 Apostoli
843 1063 1049 1121 testimouium
1075 1068 1303 1135 resurrectionis

243 1170 362 1235 JESUS
386 1166 546 1228 CHRISTI
575 1165 701 1227 Domini
722 1158 833 1226 nostri.

326 1300 414 1361 Act.
436 1298 491 1361 Va
534 1297 576 1358 Et
592 1298 764 1378 injecerunt
780 1312 885 1354 munus
903 1296 935 1355 in
952 1272 1129 1378 Apostolos,
1148 1309 1179 1360 et
1196 1321 1303 1383 posue·

245 1421 318 1469 runt
338 1429 390 1468 eos
411 1409 443 1466 in
466 1404 605 1466 custodia
626 1402 753 1489 publica
781 1413 836 1460 ete.
880 1401 921 1461 Et
938 1403 1127 1487 paulopost:
1173 1406 1302 1467 Obedire
1338 1442 1342 1449 ·

246 1523 373 1596 oportet
403 1512 470 1570 Deo
498 1513 601 1594 magis,
631 1530 722 1592 quam
748 1492 933 1569 hominibus.
977 1492 1060 1569 Deus
1083 1523 1302 1594 patrumnot·
1329 1538 1333 1545 ·

243 1632 365 1680 trorum
380 1618 537 1678 suscitavit
546 1617 685 1693 JESUM‚
699 1637 790 1696 quem
805 1637 860 1677 vos
876 1617 1066 1677 interemistis
1084 1629 1141 1678 etc.
1182 1620 1225 1680 Et
1239 1641 1304 1699 eon·

243 1734 384 1783 vocantes
402 1720 580 1804 Apostolos,
602 1724 694 1782 caesis
716 1722 984 1799 denunciaverunt,
1004 1743 1042 1783 ne
1055 1728 1180 1787 omniuo
1200 1726 1303 1808 loque·
1340 1718 1342 1727 '

243 1841 350 1890 rentur
368 1830 399 1886 in
425 1830 545 1889 nomine
566 1828 679 1889 JESU:
701 1836 732 1889 e't
750 1829 927 1889 dimiserunt
949 1851 1009 1890 eos.
1053 1831 1096 1892 Et
1117 1832 1163 1891 illi
1179 1833 1303 1916 -quidetu

243 1936 328 1996 ibant
349 1933 511 2018 gaudentes
537 1955 555 1995 a
574 1945 740 2018 conspeetu
756 1935 894 2012 Concilii,
912 1938 983 2017 quia
1007 1936 1091 2022 digni
1115 1937 1219 2001 habiti
1238 1948 1301 2002 suut

243 2064 303 2127 pro
321 2042 442 2104 nomine
457 2039 554 2103 JESU
579 2041 794 2103 contumeliam
810 2043 884 2125 pati.
1339 2038 1342 2051 '

511 2248 966 2349 ,errans

328 2459 357 2514 1.
399 2443 435 2507 A.
456 2444 717 2508 MELCHIADES
742 2444 882 2507 Pontifex
915 2455 945 2504 et
975 2444 1115 2518 Martyr,
1144 2464 1236 2527 quem
1260 2440 1304 2505 alr’r

242 2529 430 2604 Meloiadem,
454 2531 589 2590 nonnulli
607 2531 773 2589 Miltiadem
792 2540 911 2604 vocant,
935 2530 965 2586 iu
989 2529 1115 2610 epistola
1137 2529 1304 2613 ad'Hispa-
1340 2558 1342 2565 ¹

63 2690 65 2695 Ι
243 2615 310 2672 niae
330 2615 522 2694 Episcopos:
564 2617 611 2672 De
630 2613 678 2672 his
702 2636 786 2689 vero,
815 2634 908 2696 super
931 2612 1042 2692 quibus
1079 2614 1233 2695 rogitastis
1255 2632 1303 2672 vos
1340 2606 1342 2611 ¹

69 2699 233 2761 9⁰¹¹9230321’·
244 2697 412 2770 informari,
432 2698 463 2754 id
482 2708 536 2771 cst,
555 2708 658 2756 utrum
677 2700 776 2777 majus
796 2710 873 2757 esset
884 2697 1111 2756 Sacramentum
1130 2717 1236 2769 manus
1252 2698 1304 2757 ins

67 2757 227 2840 illailla.
244 2782 357 2862 positio
378 2781 614 2863 Episcoporum,
631 2793 686 2842 aut
702 2780 887 2864 baptismus:
907 2782 1025 2854 scitote,
1036 2793 1204 2862 utrumque
1223 2800 1304 2867 meg·

68 2860 105 2889 Μ’·
243 2885 317 2924 uum
329 2884 392 2923 esse
402 2877 631 2925 sacramentum.
674 2864 717 2924 Et
725 2871 804 2925 sicut
817 2887 909 2925 unum
925 2887 942 2924 a
955 2863 1125 2945 majoribus
1140 2863 1185 2941 lit,
1208 2864 1240 2925 id
1253 2866 1301 2938 etl,
1323 2880 1342 2925 ’ἶ

243 2950 397 3010 asummis
420 2945 629 3030 pontificibus,
647 2947 734 3029 quod
754 2969 771 3008 a
793 2949 960 3009 minoribus
976 2946 1082 3032 perfici
1106 2958 1170 3009 nou
1196 2958 1302 3031 potest,
1333 2950 1342 2977 ⁴

166 3052 167 3057 ’
242 3035 286 3094 ita
311 3046 341 3093 et
351 3035 463 3113 majori
472 3033 664 3094 veneratione
680 3033 884 3093 venerandum
894 3046 923 3093 et
934 3033 1099 3095 tenendum
1108 3045 1161 3094 est
1183 3032 1245 3095 set
1265 3034 1305 3101 io
1338 3096 1342 3101 ,

243 3119 408 3198 conjuncta
430 3129 501 3177 sunt
525 3117 601 3178 haec
618 3116 681 3177 duo
708 3130 920 3192 sacramenta„
941 3129 976 3177 ut
1008 3117 1045 3176 ab
1070 3112 1223 3201 invicem,
1249 3114 1302 3181 ultl

242 3215 339 3264 morte
359 3203 587 3283 praeveniente,
613 3201 784 3262 nullatenus
817 3204 937 3285 possint
966 3201 1138 3284 segregari,
1161 3213 1193 3262 et
1213 3194 1318 3262 unun'

243 3291 308 3349 sine
333 3284 430 3346 altero
448 3288 506 3360 rite
528 3282 637 3370 perfici
666 3307 728 3346 non
759 3299 870 3368 potest.
914 3286 991 3346 Nam
1016 3306 1111 3344 unum
1132 3284 1303 3368 (praeveni-

244 3383 312 3432 ente
335 3379 449 3447 morte)
471 3370 589 3438 salvare
609 3373 672 3430 sine
695 3371 789 3431 altero
811 3383 922 3453 potest,
945 3369 1027 3430 aliud
1042 3379 1140 3429 autem
1162 3390 1227 3429 non
1241 3380 1321 3453 {po--

243 3467 311 3518 test.
354 3454 442 3514 Unde
465 3458 614 3536 scriptum
638 3467 697 3514 est:
739 3455 775 3514 In
798 3455 905 3516 diebus
928 3454 1005 3529 illis,
1044 3453 1120 3512 dicit
1146 3453 1300 3527 Dominus,

244 3539 408 3602 Effundam
437 3538 475 3597 de
496 3541 609 3620 spiritu
624 3560 692 3600 meo
720 3561 812 3622 super
840 3559 958 3601 omnem
985 3558 1112 3598 carnem.
1155 3535 1302 3599 Adveru·
1334 3566 1342 3613 2

244 3645 312 3687 mus
333 3642 463 3682 summas
497 3622 615 3683 divitias
640 3622 786 3684 bonitatis
808 3624 874 3684 Dei.
919 3622 1015 3698 Quod
1036 3623 1068 3680 in
1094 3616 1303 3691 confirmandis

244 3706 408 3793 neophytis
426 3725 530 3765 manus
551 3703 704 3790 impositio
722 3707 833 3767 tribuit
849 3706 985 3788 singulis,
1012 3704 1073 3765 hoe
1090 3715 1165 3763 tune
1183 3700 1303 3788 spitit'u't

245 3796 343 3855 sancti
366 3791 521 3853 descensio
545 3792 576 3851 in
607 3793 793 3853 credentium
817 3790 974 3874 populos,
999 3788 1123 3857 donavit
1150 3786 1303 3851 unimur·
1334 3800 1342 3849 ·.²

245 3875 308 3938 Sed
330 3877 402 3956 quia
424 3876 563 3951 diximus,
585 3877 672 3957 quod
693 3896 798 3935 manus
814 3875 972 3955 impositio
993 3885 1023 3933 et
1043 3862 1248 3948 confirmatio,
1268 3864 1305 3945 etl

245 3960 390 4043 Baptismi
411 3960 629 4041 perfectionem
646 3961 814 4043 pertineat,
841 3970 871 4018 et
892 3958 944 4040 qui
968 3958 1031 4038 jam
1059 3954 1307 4101 regeneratus-ig

248 4041 425 4104 CHRISTO
448 4054 503 4115 est,
524 4042 703 4105 confirmare
725 4040 840 4124 aliquid
861 4043 972 4124 possit,
994 4040 1075 4100 forte
1107 4041 1226 4123 cogitat
1251 4054 1265 4100 t
1295 4034 1303 4051 '

248 4128 376 4214 aliquis:
432 4125 520 4208 Quid
558 4126 635 4192 mthi
656 4125 785 4215 prodest
813 4135 886 4212 post
915 4127 1092 4204 mysterium
1120 4090 1342 4277 negetiandi}
