2782 4786
135 282 138 291 ’
227 319 350 395 ..424
521 315 599 401 na
641 310 1096 387 saeauunnso

274 501 432 577 animabus
458 501 564 563 vestris
595 496 767 561 reddituris
799 495 918 559 ideirco
937 496 1075 567 ¹maxime
1108 493 1242 558 colendi
1271 514 1344 563 runt.

255 584 375 669 ‘Quod
401 588 427 649 si
441 587 483 646 eis
503 582 707 660 insultabitis,
728 601 828 664 neque
847 593 947 642 vestra
967 581 1046 641 bene
1067 578 1256 662 disponetis.
1291 587 1343 646 In·

276 674 388 758 tellige,
413 668 549 753 quidde
570 667 692 729 ludaeis
713 668 814 747 inquit
833 665 993 727 Christus:
1036 663 1139 747 Super
1166 665 1336 731 Cathedram
1387 666 1389 705 ²

103 755 556 834 uaos.2s2.sntoys1,sederunt
586 750 714 812 Scribae
746 763 777 813 et
810 749 981 811 Pharisaeit
1009 750 1122 826 omnia,
1154 772 1338 835 quaecmque

280 843 412 904 dixerint
435 838 534 912 vobis,
559 848 595 897 ut
616 835 745 912 faciatis,
762 833 862 909 facite.
904 835 994 897 Nunc
1013 853 1078 894 nnn
1106 846 1156 894 est
1174 835 1344 899 dicendum:

104 945 179 1000 super
194 947 374 1010 aurnusnper
395 921 578 993 Cathedram
594 921 705 995 Moysi,
729 918 785 979 sed
806 916 1095 1000 snperCatbedram
1125 918 1252 980 Christi
1270 924 1346 983 sede.
1388 930 1390 939 ·

62 1070 65 1087 ,
104 995 271 1088 ἒζίξῑξᾞξξῖ
282 1022 354 1071 runt
373 1007 555 1068 sacerdotes.
607 1004 686 1085 Ejus
713 1005 793 1065 enim
820 1013 1004 1086 acceperunt
1020 1002 1210 1065 doctrinam.
1256 1007 1348 1083 Quare

104 1093 171 1182 ‘¹⁰39‘
180 1097 271 1137 ‘mdi-
280 1093 397 1171 Paulus
422 1084 541 1171 inquit:
571 1109 630 1172 pro
658 1085 780 1149 Christo
813 1086 963 1170 legatione
1000 1078 1184 1171 fungimur,
1212 1102 1348 1172 tanquan
1388 1084 1390 1089 ¹

96 1152 142 1234 ii.
150 1155 271 1241 'iului'i'r'u
282 1178 406 1239 Christo
422 1174 600 1235 exhortante
628 1193 685 1256 per
704 1192 770 1232 uos.
810 1170 921 1231 Nonne
940 1168 1049 1232 videtis
1077 1173 1180 1232 seculi
1207 1177 1349 1258 principi·
1387 1184 1390 1199 ¹

106 1242 339 1325 ²'⁰⁰''⁶‘²⁰'bus
359 1281 462 1321 omnes
481 1257 614 1331 subesse,
633 1269 664 1317 et
681 1277 770 1340 saepe
792 1276 912 1338 genere,
936 1257 1017 1330 vite,
1052 1267 1085 1317 ot
1105 1257 1279 1339 prudentia
1298 1273 1350 1344 pot·

278 1345 412 1409 rioribus
449 1344 617 1403 deteriores
644 1339 817 1424 praeponi?
858 1339 1065 1401 Nihilominus
1093 1345 1275 1426 principis,
1306 1344 1350 1426 qni

280 1453 333 1497 eos
360 1428 562 1513 praeposuit,
597 1428 766 1499 reverentia
787 1423 875 1499 nihil,
906 1423 1010 1506 quales
1042 1424 1088 1485 illi
1116 1428 1192 1503 sint,
1213 1430 1349 1511 cogitant

281 1516 375 1592 Quod
400 1515 425 1572 si
447 1512 539 1573 homo
561 1509 694 1592 aliquem
715 1510 919 1582 constituerit,
939 1519 1041 1570 tantus
1072 1509 1161 1572 subit
1193 1524 1314 1575 metus:
1330 1513 1350 1573 si

278 1601 365 1663 Deus
386 1618 478 1679 quem
504 1597 676 1672 constituit,
709 1595 908 1676 despicimus,
939 1592 1169 1671 maledicimus,
1192 1597 1351 1659 innumeris

280 1683 428 1746 afficimus
454 1679 664 1742 coutumeliis:
687 1691 807 1740 etcum
830 1677 942 1738 fratres
964 1690 1089 1739 nostros
1112 1679 1259 1760 judicare
1285 1702 1350 1764 pro-

173 1796 175 1801 ·
280 1768 458 1840 hibeamnr,
494 1777 601 1826 contra
634 1762 813 1828 Sacerdotes
850 1760 982 1845 linguam
1012 1764 1162 1824 acuimus.
1221 1767 1349 1843 Quanam

280 1853 357 1915 haec
383 1853 475 1933 digna
488 1851 688 1924 excusatione,
710 1869 779 1907 cum
797 1848 830 1907 iu
851 1846 942 1907 oculo
965 1859 1074 1910 nostro
1088 1847 1208 1913 trabem
1228 1872 1292 1914 non
1312 1852 1351 1913 ri·

103 1903 245 2002 {ditabis
283 1936 403 2009 demus,
429 1935 577 1993 festucam
600 1935 631 1991 in
662 1932 794 2013 proximi
818 1931 911 1992 oculo
935 1933 1035 1990 acrius
1057 1935 1235 1997 censemus?
1276 1935 1351 1999 Nes.-

283 2021 327 2078 cis
345 2019 465 2100 gravius
487 2027 517 2074 te
541 2013 598 2073 tibi
617 2016 769 2096 judicium
788 2013 1008 2096 praescribere,
1032 2036 1097 2075 cum
1119 2019 1161 2075 ita
1183 2016 1277 2076 alium
1296 2020 1354 2098 ju-

283 2098 385 2163 dicas?
427 2100 510 2159 Haec
534 2097 615 2172 dico,
635 2119 699 2158 non
726 2099 812 2179 quod
831 2099 975 2181 indignos
1003 2098 1037 2160 ad
1058 2099 1265 2161 Sacerdotium
1296 2122 1351 2160 as·

282 2187 362 2248 snmi
388 2182 529 2266 probem,
556 2182 609 2242 sed
633 2183 847 2258 miserescens,
877 2195 909 2243 nt
943 2183 1109 2260 lacrymans.
1148 2183 1220 2243 Non
1241 2195 1342 2243 tamen

281 2282 445 2355 propterea
469 2288 488 2329 a
506 2265 639 2349 subditis
670 2265 835 2347 judicandi
851 2279 931 2342 sunt,
953 2270 1070 2328 etiarnsi
1090 2266 1163 2326 male
1187 2277 1218 2326 et
1234 2272 1344 2328 vitiose

281 2359 393 2416 vivant.
436 2352 485 2412 Tu
498 2364 608 2433 autem,
624 2352 650 2411 si
668 2351 727 2412 tibi
744 2351 894 2428 consules,
919 2351 998 2416 nibil
1017 2354 1049 2412 in
1068 2350 1125 2429 bis,
1151 2372 1227 2432 quae
1249 2351 1311 2411 illis
1335 2371 1352 2410 a

281 2440 350 2500 Deo
374 2439 531 2499 commissa
554 2448 641 2511 sunt,
664 2435 766 2497 damni
795 2437 932 2518 accipies.
962 2436 1053 2501 ¹Nam
1085 2457 1109 2497 sr
1136 2439 1249 2497 asinum
1271 2435 1353 2516 loqui

284 2524 368 2601 serit,
392 2535 422 2583 et
445 2543 500 2604 per
520 2534 618 2581 ratem
640 2518 867 2583 benedictiones
888 2521 1037 2602 spiritales
1062 2520 1186 2604 largitus
1205 2533 1262 2595 est,
1284 2533 1315 2580 et
1327 2522 1353 2579 in

108 2646 177 2686 unm.
195 2654 227 2691 ,2¹
250 2655 274 2689 ,ι
283 2621 369 2668 muto
388 2628 463 2682 ore,
485 2617 515 2663 et
545 2605 648 2687 lingua
672 2605 826 2667 immunda
853 2604 995 2680 Balaam,
1023 2618 1155 2687 propter
1174 2604 1353 2669 offendentes

110 2702 212 2747 sequent.
236 2740 239 2747 .
284 2693 418 2753 ludaeos
440 2700 582 2771 operatus
598 2699 660 2746 est:
680 2689 777 2751 multo
795 2690 890 2771 magis
909 2701 1040 2771 propter
1060 2710 1114 2749 ros
1133 2689 1248 2762 fideles,
1270 2692 1351 2749 etiarn

285 2780 309 2835 si
337 2776 424 2856 pravi
444 2777 504 2831 siut
534 2771 716 2848 sacerdotes,
738 2774 822 2841 Deus
850 2780 951 2834 omnia
971 2795 1028 2856 per
1054 2794 1112 2837 ens
1142 2771 1298 2858 perficiet,
1326 2785 1351 2833 et

284 2865 383 2920 mittet
411 2857 559 2940 Spiritum
582 2868 729 2919 sanctum.

370 2956 398 3009 1.
442 2941 475 2999 C.
497 2939 702 3002 IRENAEUS
725 2955 833 3004 contra
855 2940 997 3011 haereses
1018 2941 1071 3002 lib.
1104 2942 1187 3020 lv„
1224 2963 1281 3026 cap
1305 2954 1350 3011 43³

283 3027 347 3105 Eis,
371 3027 425 3108 qui
448 3027 479 3085 in
501 3024 639 3086 Ecclesia
659 3039 730 3086 sunt
752 3027 938 3110 presbyteris
968 3039 1024 3087 etc.
1044 3029 1132 3087 utin
1153 3039 1253 3088 textu.

331 3148 335 3155 -
366 3125 396 3177 2.
439 3108 547 3169 IDEM
569 3108 622 3168 lib.
649 3111 725 3188 111.,
753 3133 786 3172 ca
811 3155 820 3173 .
843 3126 878 3177 2:
923 3111 1000 3171 Cum
1019 3124 1121 3171 autem
1152 3113 1195 3175 ad
1223 3134 1288 3174 eam
1308 3112 1350 3171 ite·

284 3218 352 3258 rum
378 3192 583 3264 traditionem,
606 3215 684 3275 quae
706 3207 751 3255 est
769 3133 808 3256 ali
824 3195 999 3278 Apostolis,
1023 3216 1101 3278 quae
1121 3217 1181 3277 per
1195 3197 1352 3257 successio·

282 3301 335 3339 nos
354 3277 604 3359 presbyterorum
627 3281 658 3338 in
690 3279 835 3341 Ecclesiis
860 3280 1288 3362 custoditur„provncamus
1306 3300 1353 3353 eos,

285 3365 338 3444 qui
357 3363 555 3441 adversantur
572 3364 756 3440 Traditinni,
779 3365 893 3440 dicent,
913 3385 1024 3426 senon
1044 3366 1146 3427 solum
1160 3367 1353 3446 presbyteris,

284 3447 337 3510 scd
363 3449 453 3506 etiam
480 3448 636 3527 Apostolis
667 3451 825 3509 existentes
854 3451 1048 3533 sapientiores
1091 3452 1254 3513 sinceram
1286 3455 1355 3516 inre·

285 3534 365 3594 nisse
390 3533 554 3591 veritatem.

100 564 195 609 ibidem.

368 3627 398 3682 3.
441 3614 496 3673 ET
523 3635 587 3698 cap.
608 3628 647 3691 3,
669 3627 820 3700 utsupra
842 3619 880 3678 de
898 3619 1070 3701 praeceptis
1087 3617 1257 3699 ecclesiae,
1279 3639 1356 3705 qnae·

286 3702 384 3762 stione
412 3712 449 3775 9,
470 3698 503 3758 B.
526 3713 546 3766 s
569 3699 605 3760 E.
626 3713 654 3766 1.

371 3797 401 3853 4.
444 3784 549 3843 ITEM
568 3782 621 3844 lib.
641 3784 714 3861 IV.,
736 3807 802 3868 cap.
830 3799 889 3855 44:
933 3785 982 3846 Ab
1004 3785 1147 3849 omnibus
1176 3791 1282 3875 igitur
1300 3786 1353 3851 uli·

279 3870 346 3935 ,bus
365 3869 512 3928 absistere
541 3881 666 3950 oportet
690 3883 747 3930 etc.
769 3882 804 3931 ut
821 3872 853 3930 in
880 3882 971 3931 textu.

373 3968 402 4021 5.
446 3952 757 4016 TERTULLIANUS
773 3955 811 4016 de
827 3953 1104 4039 perscriptionibus
1121 3954 1365 4025 haereticorum:

290 4036 508 4098 Ordinationes
534 4059 642 4101 eorum
660 4050 717 4098 cte.
738 4040 770 4098 in
791 4052 885 4100 textu.
1072 4098 1076 4107 ,

375 4132 404 4186 6.
446 4120 695 4183 EPIPHANIUS
716 4123 832 4187 lraeresi
850 4138 891 4195 42
915 4136 945 4184 et
964 4136 1022 4201 49,
1041 4136 1209 4211 utsupra,
1240 4126 1369 4216 quaesti·

293 4206 510 4281 onesecuuda,
535 4206 569 4267 C.
592 4221 622 4275 2.
860 4266 864 4273 .
1148 4274 1151 4279 ,
