2790 4792
243 335 351 417 3100
523 330 603 392 nrt
643 327 1101 394 sacrantur-o

209 506 215 515 ’
280 520 312 579 in
335 514 441 597 eodem
461 516 561 581 medio
584 516 662 575 mari
679 536 732 595 me
746 515 851 599 posito
875 515 999 597 quidam
1021 514 1186 599 apparuit,
1214 514 1269 598 qul
1291 518 1345 578 mi-

190 618 193 623 '
280 602 315 663 hi
344 624 459 684 ¹panem
487 602 525 662 ad
559 594 753 661 relectionem
780 599 898 661 detulit
952 603 1053 677 Quem
1072 622 1141 660 mox
1162 612 1199 660 ut
1216 603 1346 678 comedi,

282 687 367 747 vires.
386 688 508 770 recepi,
545 707 601 765 nec
631 683 725 768 ¹longe
754 696 825 767 post
857 686 941 745 navis
972 687 1122 744 transiens
1143 683 1251 762 affuit,
1272 705 1345 767 quae

283 791 331 831 rue
361 770 408 849 -ab
438 770 497 849 ¹illo
527 769 679 829 undarum
704 767 842 852 periculo
872 771 1025 851 suscepit,
1062 781 1154 850 atque
1178 768 1218 827 ad
1238 775 1344 829 teriam

238 848 240 853 ⁴
285 853 418 925 deduxit.
464 853 557 929 Quod
580 854 695 913 scilicet
719 853 893 935 Episcopus
912 854 1054 927 audiens,
1077 853 1240 935 requisivit
1260 853 1341 929 diem,

125 942 210 983 ¹¹0⁸fi³
227 953 261 983 ³⁸·
285 952 377 1019 atque
400 938 487 999 illum.
514 937 605 1013 fuisse
639 939 718 997 diem
739 940 871 1018 reperit,
904 958 967 1020 quo
992 958 1051 1019 pro
1074 957 1110 997 eo
1132 936 1295 1018 presbyter
1315 939 1342 995 in

113 1005 164 1032 erae
177 993 274 1032 oblatio-

112 1023 390 1085 nnrmmontaOstica
419 1022 516 1083 insula
544 1022 612 1085 Deo
652 1023 854 1104 omnipotenti
884 1021 1015 1083 hostiam
1049 1040 1152 1081 sacrae
1182 1019 1341 1081 oblationis

110 1097 237 1138 mm
285 1106 460 1168 immolavit.

370 1205 399 1259 6.
441 1180 553 1251 REDA'
575 1189 609 1248 L.
631 1188 687 1254 lv.
708 1186 866 1272 Anglicen.
887 1188 996 1251 histor.
1019 1209 1045 1249 c.
1067 1202 1137 1255 22:
1170 1189 1207 1248 Iu
1231 1188 1344 1271 praela·

285 1287 324 1337 to*
343 1288 442 1339 autem
460 1272 599 1358 praelio,
621 1295 682 1354 quo
706 1277 823 1334 occisus
842 1286 886 1333 est
915 1297 967 1334 rex
982 1272 1125 1348 Elbuim‚
1156 1271 1343 1333 memorabile

288 1360 452 1442 quoddam¹
477 1350 591 1420 factum
624 1378 688 1417 esse
724 1370 863 1432 constat,
893 1359 978 1440 quod
1006 1377 1201 1438 nequaquam
1233 1356 1343 1417 silentio

277 1443 533 1529 ¹praetereundum
558 1441 712 1523 arbitror,
743 1441 797 1501 sed
819 1442 987 1502 multorum
1006 1441 1116 1517 saluti,
1140 1442 1165 1499 si
1191 1441 1340 1513 referatur,

286 1529 357 1590 fore
379 1518 567 1613 proficuum.
623 1525 750 1593 Occisus
767 1539 813 1586 est
828 1526 872 1585 ibi
892 1529 970 1586 inter
992 1525 1122 1586 aliosde
1148 1523 1258 1585 militia
1271 1524 1339 1603 ejus,

286 1614 402 1672 iuvenis
426 1609 586 1693 vocabulo
606 1611 721 1686 Huma,
752 1613 890 1691 quicum
910 1611 960 1670 die
983 1611 1035 1669 illo
1055 1621 1085 1668 et
1106 1621 1199 1669 nocte
1222 1627 1343 1689 sequen·

270 1707 316 1757 .te
337 1699 424 1775 ,iuter
438 1692 584 1756 cadaveia
606 1696 777 1757 occisorum
799 1696 903 1755 similis
926 1708 1047 1754 mortno
1065 1693 1200 1772 jaceret,
1233 1692 1343 1752 tandem

286 1792 410 1861 recepto
431 1782 543 1862 spiritu
556 1779 681 1852 revixit,
698 1799 736 1839 ac
753 1779 907 1854 residens,
933 1800 986 1839 sua
1005 1777 1152 1853 vulnera,
1176 1789 1274 1860 prout
1292 1795 1343 1858 po·

288 1865 368 1938 tuit,
383 1854 452 1943 ¹ipse
471 1863 612 1945 alligauit.
655 1861 953 1939 Deindemodicum
975 1882 1146 1943 quiescens,
1181 1863 1292 1920 levavit
1309 1878 1343 1930 se,

290 1959 320 2006 et
339 1949 441 2026 coepit
458 1946 553 2027 abire,
574 1943 673 2003 sicubi
688 1948 825 2022 amicos,
845 1949 899 2026 qui
921 1948 967 2006 sui
992 1967 1094 2004 curam
1113 1959 1257 2026 agerent,
1280 1962 1344 2029 pos·
1375 1956 1377 1963 '

289 2040 336 2090 set
363 2031 507 2088 iuveniress
562 2027 656 2101 Quod
683 2028 913 2110 dum-[facerem
947 2033 1083 2093 inventus
1112 2041 1171 2105 est,
1194 2041 1226 2089 et
1249 2039 1344 2111 captus

290 2115 400 2185 aviris
419 2112 539 2173 hostilis
562 2113 727 2188 exercitus,
749 2126 780 2173 et
800 2112 840 2171 ad
859 2113 1017 2173 dominum
1037 2116 1191 2195 ipsorum,
1207 2114 1344 2173 Comitem

288 2194 431 2275 videlicet
453 2196 590 2277 Edilredi
610 2198 698 2278 regis,
720 2197 880 2257 adductus.
923 2197 950 2255 A
968 2220 1029 2278 quo
1047 2200 1267 2280 interrogatus,
1287 2195 1344 2276 quis

290 2291 393 2357 esset,
411 2283 523 2358 timuit,
542 2301 574 2340 se
603 2280 728 2363 militem
750 2282 852 2356 fuisse,
874 2280 1032 2359 confiteri,
1062 2284 1213 2355 rusticum
1243 2304 1275 2342 se
1298 2298 1346 2363 pn·

289 2368 351 2445 tius
378 2376 409 2445 et
431 2386 612 2449 pauperem,
645 2376 734 2446 atque
768 2368 875 2426 uxorio
902 2367 1025 2426 vinculo
1053 2365 1232 2448 colligatum
1265 2365 1348 2445 fuisse

290 2440 481 2531 respondit,¹
502 2461 532 2509 et
562 2462 693 2533 propter
712 2452 834 2525 victum
852 2450 1001 2510 militibus
1031 2450 1233 2509 adserendum
1252 2452 1284 2509 in
1304 2467 1348 2507 ex-

290 2533 447 2615 peditione
473 2555 503 2593 se
518 2540 670 2605 ''cumsurs
688 2534 839 2595 similibus
858 2537 975 2594 venisse
997 2546 1124 2594 testatus
1143 2546 1198 2592 est.
1251 2529 1349 2597 Anile

293 2619 466 2699 suscipiens
483 2638 568 2693 eum,
587 2639 690 2693 curam
712 2619 891 2699 vulneribus
909 2620 986 2701 egit,
1009 2630 1038 2676 et
1060 2619 1113 2676 ubi
1132 2620 1231 2678 sanari
1247 2617 1349 2700 coepit,

292 2712 382 2759 nocte
405 2721 491 2773 eum,
516 2720 554 2758 ne
572 2701 747 2784 aufugeret,
774 2706 881 2762 vinciri
900 2705 1075 2786 praecepit,
1096 2723 1152 2760 nec
1174 2714 1276 2762 tamen
1289 2703 1349 2759 rin·

117 2784 351 2875 ,llsslllllnclll
382 2783 494 2865 potuit
527 2783 620 2849 ,Nam
651 2807 720 2845 mox
735 2798 781 2845 ¹ut
815 2787 934 2862 abiere,
966 2790 1025 2866 qui·
1048 2788 1223 2863 vinxerant,
1256 2785 1350 2845 eadem

116 2876 368 2947 iaciuntur-suut
392 2868 458 2945 ejus
472 2867 592 2926 vincula
622 2863 731 2928 soluta.
776 2869 916 2929 Habebat
932 2873 1010 2931 euim
1027 2891 1202 2952 germanum
1224 2870 1349 2942 fratrem,

116 2936 209 2974 vantur.
294 2952 346 3012 cui
363 2970 474 3031 nomeu
497 2952 708 3033 erat⁵Tuma,
736 2952 970 3034 presbyterum,
994 2968 1024 3014 et
1045 2953 1186 3013 abbatem
1206 2965 1355 3031 monaste-2

292 3037 332 3097 rii
355 3035 548 3109 incivitate,
579 3056 658 3118 quae
696 3034 842 3117 hactenus
865 3037 903 3096 ab
925 3041 991 3118 ejus
1013 3039 1133 3098 nominc
1155 3036 1351 3098 Tumiacestir

292 3121 537 3203 cognominatur.
588 3119 651 3194 Qui
673 3140 742 3177 cum
764 3142 831 3182 eum
855 3122 886 3181 in
904 3143 1004 3203 pugna
1032 3134 1204 3204 peremtum
1226 3121 1351 3194 audiret,

291 3207 372 3271 uenit
395 3223 541 3284 quaerere
552 3213 567 3278 ,'
582 3205 607 3262 si
634 3203 712 3262 forte
733 3220 846 3285 corpus
867 3208 932 3286 ejus
954 3209 1087 3265 invenire
1112 3218 1227 3286 posset:
1249 3209 1351 3264 inven-

290 3301 416 3367 tumque
441 3287 533 3346 alium
550 3282 597 3345 illi
616 3308 673 3369 per
695 3289 794 3347 omnia
814 3290 1009 3366 simillimum,
1023 3291 1143 3372 putavit
1164 3291 1267 3371 ipsum
1285 3287 1351 3361 esse,

292 3392 383 3452 quern
415 3370 453 3429 ad
474 3374 688 3430 monasterium
708 3392 796 3431 suum
821 3373 982 3449 deferens,
1016 3371 1188 3433 honorifice
1209 3372 1352 3456 sepelivit,

292 3467 323 3517 et
336 3475 396 3536 pro
421 3452 614 3515 absolutione
645 3456 760 3517 animae
784 3458 851 3538 ejus
875 3460 994 3543 saepius
1015 3460 1121 3518 Missas
1143 3458 1245 3517 facere
1271 3474 1353 3516 cura·

115 3540 344 3601 Misenumnavit,
389 3535 528 3613 Quarum
550 3538 757 3601 celebratione
777 3540 892 3601 lactum
914 3553 976 3618 est,
1013 3541 1099 3622 quod
1122 3542 1199 3616 dixi,
1234 3553 1271 3601 ut
1289 3536 1353 3599 uul-

116 3593 270 3692 illilii'jl'ff
294 3621 341 3681 lus
360 3633 464 3702 posset
494 3642 562 3679 eum
582 3623 712 3698 vincire,
747 3627 821 3705 quin
844 3628 990 3687 continuo
1013 3624 1194 3685 solveretur.
1239 3625 1356 3685 Interea

115 3692 283 3792 ξξῗρῖζᾞζξζ
296 3725 415 3779 comes,
440 3705 494 3783 qui
516 3724 586 3762 eum
607 3707 750 3782 tenebat,
772 3713 877 3773 mirari
900 3722 930 3769 et
950 3713 1139 3792 interrogare
1153 3711 1266 3794 coepit,
1281 3727 1354 3789 qua·

294 3808 328 3847 re
350 3786 438 3870 ligari
460 3807 523 3847 non
546 3802 670 3871 posset,
694 3812 732 3851 an
753 3791 833 3853 forte
854 3795 955 3856 literas
976 3792 1156 3869 solutorias,
1179 3790 1359 3874 dequibus¹

292 3870 414 3933 fabulae
436 3871 561 3948 ferunt,
583 3874 720 3954 apudse
743 3873 886 3953 liaberet,
909 3898 965 3957 per
986 3897 1061 3957 quas
1084 3876 1172 3959 ligari
1197 3897 1262 3950 uon
1282 3894 1356 3959 pos-

290 3955 361 4015 sct?
417 3953 460 4014 At
489 3953 540 4015 ille
563 3957 740 4037 respondit,
774 3960 852 4019 nihil
881 3960 987 4018 talium
1020 3963 1129 4020 artium
1152 3982 1253 4022 nosse.
1297 3954 1359 4027 Sed,

207 4104 213 4116 ⁹
293 4037 395 4098 haheo
427 4037 574 4114 fratrem,
610 4043 724 4121 inquit,
758 4042 971 4126 presbyterum
990 4046 1021 4103 iu
1043 4065 1108 4107 mee
1127 4045 1307 4126 provincia,
1331 4049 1360 4100 et

116 4103 381 4196 ,}ss.l¹,¹⁸,³,”2.scio‚
414 4122 485 4202 quia
507 4120 559 4180 ille
585 4144 632 4182 me
651 4125 844 4185 interfectum
862 4139 973 4207 putans
986 4170 996 4204 ,
1018 4149 1078 4209 pro
1102 4130 1269 4189 meMissas
1292 4145 1359 4197 cre,-

115 4203 219 4245 ¹²²³⁰¹¹⁰⁸
233 4206 282 4246 ²¹¹5·
293 4205 365 4267 bras
385 4204 476 4282 lacit,
500 4214 529 4265 et
553 4205 578 4266 si
599 4227 679 4269 nuuc
695 4209 797 4273 inatia
819 4210 880 4273 vita
893 4229 1007 4290 essem,
1027 4213 1072 4285 ibi
1091 4215 1276 4281 animantes
1303 4227 1357 4299 per
