2782 4786
260 344 277 355 ‘'
342 350 788 426 MATRIMONH.
933 446 935 454 Ι
1015 365 1095 442 433

31 547 251 614 resonaverit?
292 543 354 608 Aut
372 541 449 628 qnid
462 544 621 607 interesset
638 542 717 604 inter
734 541 884 625 populum
902 557 934 608 et
946 544 1095 606 sacerdo·
1105 563 1275 624 versuumn,

29 649 101 714 tem,
125 639 150 696 si
168 635 277 696 iisdem
289 631 547 714 adstringerentur
565 625 705 708 legibus?
731 627 832 688 Debet
847 630 1093 712 praeponderare
1102 620 1272 712 21¹2,{{2⁰J,‚⁰,¹²,',

28 724 94 782 vita
116 720 290 790 sacerdotis,
312 709 625 797 sicutpraeponderat
638 712 743 794 gratia.

118 818 147 872 7.
190 801 294 862 IDEM
313 799 495 859 Ambrosius
515 792 568 857 lib.
589 795 613 854 1.
634 794 815 873 officiorum,
837 817 903 880 cap.
923 811 975 872 50,
995 818 1096 881 eoque

30 889 161 963 ultimo„
178 887 303 967 loquens
324 884 362 944 de
380 881 525 941 ministris
548 878 666 940 altaris:
709 880 895 941 Inollensum
910 895 1016 943 antem
1045 905 1098 943 ex·
1181 882 1187 889 ’

31 963 200 1032 bibendum
220 981 249 1029 et
275 966 497 1027 immaculatum
518 965 732 1043 ministerium,
765 985 821 1024 nec
846 965 913 1031 ullo
941 966 1098 1048 conjugali

32 1059 120 1115 coitu
137 1053 311 1116 violandum
329 1051 524 1130 cognoscitis,
542 1050 595 1129 qui
608 1050 727 1151 intepro
749 1070 892 1132 corpore,
911 1052 1096 1131 incorrupto
1109 1073 1273 1120 suessanum.

30 1141 162 1222 pudore,
184 1138 274 1198 alieni
294 1136 381 1192 etiam
401 1131 439 1193 ab
457 1135 523 1217 ipso
543 1147 698 1195 consortio
716 1134 883 1218 conjugali,
898 1137 977 1195 sacri
994 1135 1096 1194 minis-
1108 1127 1273 1226 {lmnsslg'lqffiffl

28 1226 103 1282 terii
123 1225 248 1306 gratiam
269 1219 431 1298 recepistis.
474 1216 569 1295 Quod
590 1238 626 1277 eo
648 1239 711 1279 non
723 1220 876 1301 praeterii,
893 1220 967 1300 qnia
979 1221 1010 1277 in
1028 1217 1143 1308 ple-{5⁸
1157 1229 1263 1312 coutusq-

30 1310 136 1388 risque
154 1289 363 1383 'abditioribus
381 1302 457 1361 loeis
473 1323 543 1362 cum
561 1303 759 1362 ministerium
774 1314 923 1385 gererent,
945 1302 992 1364 vel
1007 1305 1097 1362 etiam
1110 1283 1275 1377 dicibilis?

30 1392 257 1461 sacerdotium,
276 1383 354 1445 lilios
377 1398 586 1468 susceperunt,
607 1398 637 1447 et
657 1386 690 1446 id
705 1399 847 1468 tanquam
865 1407 923 1448 usu
935 1390 1030 1447 veteri
1042 1386 1099 1447 de·
1110 1373 1150 1408 ‘¹²'

31 1474 176 1549 fendunt,
199 1469 321 1551 quando
343 1490 399 1551 per
418 1469 574 1529 intervalla
591 1469 708 1531 dierum
732 1469 916 1531 sacrificinm
937 1470 1102 1531 defereba-
1124 1494 1130 1513 ·

18 1562 105 1635 tur,
130 1569 160 1616 et
179 1569 276 1613 tamen
293 1551 523 1615 castificabatur
547 1556 636 1631 etiam
660 1556 796 1638 populus
815 1577 872 1632 per
894 1556 1024 1615 biduum
1048 1565 1123 1614 ant-

30 1664 89 1727 per
126 1639 274 1712 triduum,
300 1650 333 1698 ut
357 1639 397 1698 ad
422 1636 608 1697 sacrificium
625 1659 722 1721 purus
742 1639 906 1717 accederet,
931 1652 967 1699 ut
991 1640 1023 1698 in
1046 1659 1101 1698 ve-

32 1727 95 1786 teri
115 1732 296 1784 testamento
323 1721 465 1806 legimus:
508 1722 563 1781 Et·
578 1721 719 1785 lavabant
756 1726 931 1784 vestimenta
962 1744 1024 1783 sua.
1067 1722 1103 1782 Si
1112 1748 1183 1790 moa
1195 1756 1230 1802 19,
1246 1754 1278 1793 ts.

36 1813 69 1869 in
98 1805 197 1889 figura
211 1819 293 1865 tanta
315 1805 525 1881 observantia,
548 1819 661 1886 quanta
689 1809 721 1867 in
743 1808 894 1868 veritate?
936 1808 1028 1867 Disce
1042 1813 1103 1866 ‘sa-

36 1892 148 1950 cerdos
173 1903 263 1971 atque
281 1890 393 1973 Levita,
410 1889 486 1971 quid
504 1892 542 1949 sit
561 1891 659 1952 lavare
679 1903 854 1953 vestimenta
869 1902 935 1966 tua,
954 1903 991 1953 ut
1010 1910 1104 1949 mun·
1163 1950 1167 1967 ,

34 1975 112 2034 dum
135 1995 248 2056 corpus
272 1973 457 2034 celebrandis
478 1973 617 2033 exhibeas
633 1977 833 2035 sacramentis.
931 1972 935 1979 ’

120 2070 149 2124 Β.
183 2057 376 2116 EUSEBlUS
390 2055 541 2137 Pamphili
558 2056 611 2115 lib.
621 2057 691 2118 I.dc
701 2058 961 2130 demonstratione
973 2077 1104 2139 evange·

37 2141 105 2218 lica,
126 2161 193 2221 cap.
220 2152 248 2206 9.
261 2163 277 2197 a
311 2141 424 2199 Merito
444 2139 552 2220 aliquis
576 2144 751 2222 quaesierit,
774 2163 922 2222 quaenam
942 2162 1033 2201 nausa
1054 2143 1103 2213 sit,

38 2247 94 2285 cur
116 2225 209 2306 prisci
240 2224 271 2281 in
303 2224 419 2306 nuptiis
453 2234 483 2283 et
533 2227 724 2286 roei-eatione
747 2225 917 2284 liberorum
938 2224 1105 2304 plurimum
1206 2240 1209 2247 ’

39 2307 135 2369 studii
155 2309 329 2388 posuerint:
350 2328 405 2369 nos
423 2327 497 2367 vero
510 2244 593 2367 lianc
614 2319 729 2389 partem
741 2307 941 2388 negligamus.
983 2306 1104 2365 Adver-

40 2413 91 2451 sus
113 2390 185 2450 baec
208 2391 297 2452 talem
319 2390 393 2450 lieet
414 2411 448 2450 ex
470 2391 543 2470 ipsis
564 2389 776 2449 Hebraeorum
796 2389 928 2448 oraculis
955 2391 1102 2447 rationem
1115 2405 1196 2446 ouran
1209 2403 1287 2464 venir

40 2475 191 2557 colligere.
234 2477 422 2552 Quicunque
444 2483 513 2533 ante
528 2473 665 2545 'Moysen
682 2471 721 2532 de
744 2470 834 2531 laude
851 2473 972 2552 pietatis
993 2455 1284 2543 nomeal2⁰2b¹2¹1⁵¹ss,‘'{„.

39 2559 142 2641 adepti
161 2550 242 2634 snat,
262 2558 295 2615 hi
314 2570 388 2616 tuuc
406 2555 525 2612 initium
545 2552 695 2629 habente,
722 2566 858 2636 tuncque
880 2557 1012 2637 primum
1042 2552 1284 2614 eri-‘mlmarum

40 2655 138 2704 stente
156 2645 230 2715 ¹vita,
249 2641 342 2698 fuisse
360 2649 585 2697 memorantur:
606 2659 685 2720 qnae
704 2660 776 2700 vero
809 2639 850 2700 ad
865 2660 922 2699 nos
942 2604 1286 2723 pertinent‚3l1l‘iiilli{¹'
1346 2670 1349 2674 .

40 2727 168 2787 tendere
190 2723 229 2782 ad
250 2721 352 2781 finem.
396 2721 500 2795 Quare
520 2721 589 2783 illos
613 2744 660 2785 ma
682 2744 720 2783 na
741 2745 808 2784 cum
831 2745 902 2785 eum
925 2723 1040 2784 sobolis
1058 2724 1107 2782 in·
1117 2709 1246 2799 ἱᾞῗὲιῖἓὲ
1261 2707 1286 2735 ⁸¹¹

44 2819 230 2879 crementum
249 2805 439 2887 quaesivisse,
461 2826 556 2888 quum
586 2828 642 2891 per
661 2746 741 2870 illud
768 2821 886 2892 tempus
902 2819 942 2868 et
965 2801 1196 2868 numerusfflm
1208 2803 1285 2836 ‘³⁰⁸³'

43 2894 205 2956 bominum
228 2901 413 2974 augesceret,
438 2902 468 2950 et
486 2892 751 2974 multiplicaretur,
770 2905 861 2974 atque
875 2893 983 2954 ¹indies
1013 2891 1122 2955 robur,

45 2982 199 3058 acciperet
224 2995 316 3057 genus
336 2974 523 3035 humanuma
544 2977 636 3038 nobis
654 2997 729 3037 vero
745 2998 807 3038 non
833 2977 998 3037 admodum
1023 2993 1116 3036 curae

50 3081 114 3120 esse
134 3058 204 3134 boo,
225 3071 332 3140 utpote
345 3080 414 3120 cum
434 3078 481 3120 res
501 3062 563 3142 jam
585 3062 711 3122 interire
730 3081 766 3122 ae
787 3061 938 3137 desinere,
961 3074 1053 3141 atque
1077 3057 1116 3118 ad

48 3157 217 3206 extremum
237 3141 327 3204 finem
357 3142 482 3205 tendere
510 3146 695 3222 credantur,
729 3146 853 3227 quando
880 3143 969 3226 plane
994 3145 1118 3214 dicitur,

48 3239 120 3288 ante
151 3230 227 3287 vitae
255 3229 564 3305 consummationem,
590 3229 801 3314 Evangelicam
822 3232 853 3289 in
875 3230 994 3290 loribus
1017 3227 1120 3287 adesse

51 3313 230 3387 doctrinam,
244 3325 273 3372 et
287 3314 443 3373 renovatio
456 3333 491 3372 ac
504 3316 658 3396 generatio
673 3313 795 3374 alterius
808 3313 911 3388 seculi,
934 3313 1019 3396 quod
1032 3311 1117 3371 brevi

51 3399 147 3456 instet
174 3397 322 3472 futurum,
345 3397 555 3457 denunciatur.
597 3398 664 3461 Una
686 3400 781 3481 igitur
804 3397 939 3460 defensio
960 3397 1050 3472 haec,
1072 3394 1101 3454 al
1128 3415 1242 3465 stauai.

51 3492 120 3540 tera
141 3474 240 3540 aute‘m
262 3483 318 3540 erit
337 3480 540 3562 hujusmodis
581 3481 695 3543 Priscis
724 3481 800 3556 illis,
830 3484 883 3564 qui
916 3484 1119 3542 remissiorem

55 3585 91 3624 ac
113 3563 287 3624 liberiorem
310 3567 402 3625 vitam
419 3565 657 3647 agebant-nihil
675 3578 741 3628 erat
756 3568 982 3650 impedimento,
1002 3586 1042 3624 ne
1060 3563 1122 3623 do-

55 3650 120 3709 mui
138 3648 303 3730 liberisque
327 3662 508 3731 praeessent,
530 3671 565 3709 ac
586 3651 702 3733 pariter
717 3646 838 3713 divinae
858 3671 982 3735 quoque
1004 3651 1048 3710 rei
1068 3668 1127 3707 να·-

22 3740 28 3748 “
62 3747 177 3811 carent,
199 3733 324 3816 quando
345 3755 405 3794 una
432 3755 499 3793 cum
521 3735 679 3810 uxoribus,
704 3747 736 3797 et
751 3736 868 3812 liberis,
890 3747 921 3795 et
945 3736 1057 3808 domo,
1079 3752 1131 3792 re-

59 3816 167 3899 ligioni
191 3820 342 3879 assiduam
365 3817 437 3879 dare
463 3838 587 3902 operam
610 3832 761 3901 poterant,
784 3835 825 3898 et¹
840 3840 990 3900 nusquam
1015 3817 1056 3879 ob
1078 3814 1129 3875 ul-

64 3899 108 3961 las
129 3922 178 3960 res
199 3901 336 3989 externas
365 3901 515 3962 ameliore
533 3904 694 3986 proposito
715 3904 930 3965 avellebantur.
970 3903 1031 3961 Res
1054 3916 1128 3960 vero

63 3996 191 4045 nostrae
213 3985 446 4066 innumerabilia
469 3984 598 4063 bahent,-
612 4007 690 4069 quae
712 3990 1081 4071 extrinsecus'premant,
1101 3992 1133 4043 et
1191 3990 1195 3996 '

64 4070 198 4148 quaein
223 4069 332 4131 alienas
354 4091 442 4130 curas
461 4070 600 4152 undique
626 4069 760 4151 trabant,
785 4084 816 4132 et
836 4071 876 4131 ab
907 4091 1010 4132 earum
1033 4087 1134 4130 rerum

66 4153 183 4225 studio,
203 4160 285 4233 ‘quae
313 4154 381 4215 Deo
409 4155 549 4237 placent,
576 4154 739 4219 abducant.
782 4157 994 4240 Hans...igitnr
1011 4173 1136 4216 causam

69 4255 226 4316 esse‚.eur
248 4234 385 4299 nubendi
403 4240 482 4303 ratio
515 4238 739 4320 eontralmtur,
758 4239 959 4327 Eran‘elieae
980 4223 1145 4337 doetrinae

844 4368 892 4427 al
922 4348 943 4391 ⁸
986 4396 988 4400 .

1187 1872 1194 1905 l
