2782 4786
307 264 869 379 ,za-ucuaatsrtsu
1058 307 1136 383 lot
1237 350 1253 360 --

95 516 134 555 :-·
168 509 219 564 12.-
254 494 366 557 IDEM
380 488 578 555 ,CYRILLUS
598 489 711 557 LXI·
732 491 764 551 in
785 489 869 553 loun.
896 506 922 551 c.
944 504 1019 560 ma
1053 489 1139 551 Con·

81 578 279 645 siderandum
304 591 386 654 cst„
398 580 426 648 ,si
458 576 497 636 ad
526 577 685 639 unitatem.
705 595 869 639 consensus
898 587 930 638 et
955 574 1214 651 voluntatis,1m·
1242 587 1283 635 rs,

78 654 358 735 naturalemeetiam
371 663 503 721 invenire
525 678 705 742 possumus,
727 681 783 742 per
803 680 960 739 quamnos
981 663 1061 727 inter
1072 643 1173 734 nos*
1190 648 1241 735 ⁸¹¹ss
1305 720 1310 729 ,

81 760 113 809 et
140 769 245 811 omnes
275 749 341 813 Deo
359 744 560 828 colligemur:
598 743 737 804 fortassis
771 746 853 805 enim
872 747 960 805 etiam
981 741 1139 827 corporali
1219 814 1227 825 ,

77 834 196 893 unione
219 832 450 914 conjungimur,
477 829 548 888 licet
571 827 648 888 adeo
670 828 846 909 disseparati
858 829 967 902 simus,
985 840 1024 888 ut
1042 847 1140 887 nnus·
1171 843 1178 850 “

78 918 216 997 quisque
244 937 380 977 seorsum
408 925 439 975 et
455 912 622 984 subsistat,
645 923 676 971 ct
699 913 998 979 circumscribatur„¹
1019 912 1096 973 Nam
1114 908 1141 970 si

80 998 192 1073 Petrus
226 1013 256 1061 et
276 999 392 1071 Paulus
423 1018 518 1056 unum
537 999 653 1055 unitate
673 997 704 1055 iu
720 995 844 1062 ‚Christo
859 999 939 1072 sint,
957 994 1067 1061 Petrus
1091 1008 1142 1056 ta·

79 1104 148 1151 men
163 1083 279 1145 Paulus
297 1106 360 1146 non
378 1093 433 1143 est.
474 1078 539 1162 Age
559 1081 665 1163 igitur,
688 1100 758 1138 cum
780 1080 911 1140 Trinitas
936 1091 1143 1149 acuminatu-

81 1189 116 1229 ra
133 1170 189 1245 sit,
210 1169 446 1240 consideremus,
467 1164 623 1245 quomodo
645 1166 733 1223 etiam
757 1184 813 1223 nos
830 1164 889 1246 ipsi
911 1164 1058 1231 internos
1071 1183 1144 1223 cor·
1243 1198 1246 1203 ·

82 1251 243 1337 penaliter,
277 1264 309 1314 et
337 1273 407 1311 cum
438 1249 505 1313 Deo
540 1247 720 1329 spiritaliter
743 1267 839 1306 unum
866 1266 999 1307 sumus..
1020 1248 1067 1307 Ex
1085 1246 1144 1305 Dei

82 1338 177 1420 patris
195 1337 366 1397 substantia
389 1333 568 1414 unigenitus
585 1331 746 1412 prodiens,
783 1343 813 1391 et
837 1343 939 1391 totum
961 1332 995 1391 in
1016 1350 1070 1390 sua
1090 1348 1145 1387 na·

84 1432 155 1485 tura
177 1421 348 1504 genitorem
366 1417 542 1497 possidens,
563 1435 636 1475 caro
655 1415 753 1474 factus
772 1414 1147 1495 secundum-scripturam

84 1518 148 1579 est,
185 1525 277 1582 seque
315 1504 417 1582 ipsum
441 1512 567 1559 naturae
606 1512 729 1559 nostrae
762 1499 974 1565 ineffabiliter.
988 1496 1149 1575 conjunxit

83 1600 180 1668 atquc
196 1588 306 1644 univit.
338 1583 412 1657 «Qui
434 1585 510 1643 enim
530 1594 640 1642 natura
657 1583 740 1642 Deus
756 1595 822 1659 est,
839 1600 917 1649 'vere
937 1581 1147 1649 humefactus

85 1683 151 1744 est,
172 1688 234 1727 non
254 1664 467 1745 theophorus,
498 1667 530 1725 id
553 1678 614 1741 est,
644 1666 743 1727 Deum
766 1667 797 1725 in
822 1688 854 1726 sc
870 1667 1073 1749 pergratiam
1089 1662 1148 1723 ha·
1232 1693 1251 1699 ··

87 1752 183 1825 bens,
202 1762 237 1809 ut
253 1753 389 1825 mysterii
399 1753 459 1811 vim
476 1753 648 1833 ignorantes
661 1751 864 1811 contendunt:
889 1749 941 1819 sed
949 1770 1045 1819 ‚verus
1060 1749 1147 1807 Deus

88 1833 181 1897 simul
208 1845 241 1893 et
259 1833 353 1905 homo
369 1846 434 1901 ,est
477 1835 537 1910 Sic,
556 1855 633 1916 quae
649 1837 777 1895 intense
800 1835 964 1917 plurimum
979 1832 1148 1903 mcundum
1235 1874 1251 1905 .,

86 1931 231 1991 naturam
249 1919 383 1994 distant,
401 1921 433 1978 in
449 1939 511 1979 uno
535 1939 567 1978 se
589 1921 657 2000 ipso
684 1922 862 1999 conjunxit,
900 1932 930 1981 et
949 1919 1076 1987 divinae
1091 1937 1149 1977 na-

85 2014 175 2064 turae
189 2004 357 2083 participes
380 2023 437 2063 nos
462 2003 582 2065 effecit:
620 2003 861 2064 Commuoieatio
897 2006 986 2073 enirm
1011 2003 1148 2085 spiritus,

87 2097 119 2155 et
136 2089 182 2162 (ut
198 2088 241 2146 ita
258 2085 371 2167 dicam)
392 2091 525 2163 mansio,
549 2088 681 2169 primum
696 2091 728 2147 in
747 2088 870 2149 Christo
894 2088 984 2163 fuit„
998 2099 1030 2153 et
1047 2086 1086 2145 ab
1109 2104 1148 2145 co

87 2168 198 2233 innos
219 2173 405 2253 penetravit:
444 2193 511 2232 cum
540 2171 632 2233 homo
662 2172 780 2248 factus,
811 2174 877 2255 ipse
896 2171 1041 2254 templum
1058 2187 1149 2229 suum

87 2255 216 2337 proprio
241 2255 352 2335 spiritu
376 2257 521 2337 perunxit
550 2269 642 2336 atquc
665 2254 874 2316 sanctificavit.
913 2256 1027 2336 :Origo
1054 2254 1150 2334 igitur

66 2349 120 2399 'ct
139 2339 201 2413 via,
218 2358 280 2417 qua
294 2338 414 2420 Spiritu
440 2351 545 2400 sancto
565 2341 803 2422 participamus,
825 2348 857 2399 et
880 2338 972 2407 ΒΕΘ
998 2337 1077 2397 uniti
1098 2354 1151 2391 su·
1228 2354 1231 2363 ·

89 2441 175 2496 mus,
210 2421 323 2483 Christi
353 2426 532 2499 mysterium
551 2434 607 2482 est.
648 2421 760 2481 Omnes
787 2423 876 2480 enim
889 2413 1153 2489 inj'illosanctifi-

91 2524 205 2567 mmur.
246 2506 288 2568 Ut
310 2508 402 2589 igitur
419 2511 499 2568 inter
519 2527 574 2566 nos
602 2515 633 2564 et
645 2506 750 2566 Deum
769 2503 906 2586 singulos
922 2505 1031 2580 uniret,
1044 2521 1154 2584 quam-

90 2591 136 2663 vis
160 2609 298 2673 corpore.
323 2591 413 2653 simul
432 2603 463 2651 et
480 2591 579 2651 anima
604 2588 770 2666 distemus,
797 2588 921 2649 modum
938 2601 1038 2658 tamen
1062 2585 1152 2646 adin-

91 2675 193 2751 venit,
220 2675 348 2735 consilio
381 2677 476 2757 patris
504 2685 534 2734 ct
558 2673 723 2755 sapientiae
744 2694 815 2733 suae
843 2685 1070 2756 congruentem:
1092 2689 1150 2729 suo

63 2832 66 2837 Ι
89 2759 169 2819 enim
196 2779 328 2841 corpore
349 2758 521 2832 credentes,
557 2777 613 2840 per
630 2759 872 2819 communionem
888 2760 1043 2834 mysticam
1055 2756 1153 2816 bene·

91 2841 214 2918 dicens,
257 2854 294 2925 et¹
315 2837 417 2900 secum
450 2852 480 2900 et
505 2843 584 2902 inter
609 2861 664 2911 nos
695 2864 790 2907 uuum
823 2863 881 2905 nos
899 2863 1025 2924 corpus
1048 2839 1151 2902 ellicit.
1238 2892 1240 2897 ⁴
1315 2866 1322 2875 ·

91 2927 172 3002 Quis
204 2927 288 2995 enim,
310 2945 379 3001 eos,
418 2926 471 3007 qui
495 2929 583 2987 unius
611 2929 707 2990 sancti
737 2928 875 3008 corporis
904 2928 1017 2987 unione
1038 2927 1069 2984 in
1087 2934 1205 2993 unol’pr
1221 2934 1320 2975 connu-

92 3009 222 3071 Christo
245 3008 324 3066 uniti
345 3020 430 3082 sunt,
451 3010 490 3070 ab
513 3010 571 3071 hac
583 3012 715 3077 naturali
738 3013 851 3075 unione
873 3009 985 3070 alienos
1004 2990 1323 3091 putabit?iiiiii'iiiiii'¹¹

90 3092 171 3159 Nam
192 3092 217 3149 si
237 3111 339 3153 omnes
362 3114 452 3151 unum
469 3116 576 3176 panem
598 3097 834 3170 manducamus,
854 3114 949 3152 unum
968 3113 1069 3152 ornnes
1081 3090 1269 3168 cor-220⁸„302
1281 3080 1323 3161 ”f'

91 3197 152 3262 pus
171 3174 334 3234 efficimur:
355 3176 451 3237 dividi
469 3181 548 3238 enim
575 3191 666 3261 atque
688 3181 807 3262 sejungi
828 3177 968 3238 Christus
988 3197 1051 3234 non
1070 3174 1201 3257 pati-⁰¹¹·

92 3274 155 3323 tur.
200 3258 321 3319 ldeirco
345 3261 435 3320 etiam
456 3261 593 3322 Ecclesia
626 3285 739 3346 corpus
772 3262 887 3322 Christi
922 3261 1002 3320 facta
1027 3271 1086 3332 est,
1123 3267 1154 3316 et

93 3365 150 3406 nos
177 3343 301 3426 singuli¹
320 3344 454 3403 membra
477 3344 589 3404 Christi
613 3348 781 3406 secundum
814 3345 950 3405 Paulum.
992 3345 1052 3405 Uni
1075 3344 1154 3401 enim
1163 3345 1326 3399 Ephesum·

95 3427 217 3489 Christo
234 3448 290 3510 per
312 3448 426 3510 corpus
440 3448 529 3488 suum
549 3431 718 3510 conjuncti,‘
736 3431 884 3512 quoniam
899 3431 931 3500 in
945 3425 1036 3488 nohis
1056 3427 1153 3503 illum,

95 3513 150 3594 qui
170 3522 215 3572 cst
235 3512 416 3588 invisibilis,
444 3521 631 3595 accepimus,
653 3515 711 3597 ipsi
726 3494 841 3597 potin!
847 3533 938 3595 quam
958 3511 1046 3573 nohis
1060 3533 1155 3572 mem-

95 3594 155 3659 bra
175 3609 283 3656 nostra
297 3596 574 3657 accommodantur.
616 3598 709 3672 Quod
730 3610 829 3658 autem
848 3598 985 3658 Ecclesia
1004 3617 1115 3678 corpus
1138 3615 1156 3655 a

95 3679 221 3762 singulis
245 3679 420 3759 hominibus
446 3692 591 3761 tanquam
609 3680 751 3750 ntembris
771 3685 990 3764 compositum,
1021 3681 1156 3740 salvator

97 3784 171 3824 sero
206 3776 297 3846 caput
321 3767 378 3840 sit,
417 3764 533 3825 Paulus
566 3765 718 3841 ostendit,
756 3765 877 3825 dicens:
901 3767 943 3825 Ut
966 3767 997 3825 in
1031 3766 1155 3823 caritate
1168 3762 1326 3816 spatenis.

96 3868 267 3913 moscamus
290 3850 322 3907 in
354 3849 408 3910 illo
439 3871 496 3932 per
528 3850 646 3928 omnia,
678 3848 733 3928 qui
757 3861 802 3907 est
820 3861 914 3933 caput
933 3848 1088 3923 Christus,
1122 3867 1158 3907 ex
1206 3886 1235 3921 ,ἢ

97 3952 161 4012 quo
177 3944 279 3992 totum
299 3953 411 4014 corpus
431 3944 620 4016 compactum
641 3944 672 3992 et
683 3952 852 3993 connexum
861 3952 917 4012 per
935 3952 1052 3991 omnem
1064 3934 1160 4012 junc-

96 4026 199 4075 turam
226 4014 513 4077 subministrationis
539 4016 705 4078 secundum
739 4016 949 4096 operationem
982 4017 1014 4074 in
1035 4036 1160 4076 mensu-

97 4119 163 4161 ram
193 4100 434 4180 uniuscujusque
469 4102 619 4178 membri,
639 4111 839 4182 'augmentum
862 4100 1106 4182 corporisfacit
1127 4102 1159 4160 in

97 4180 336 4251 &edificationem
357 4185 406 4251 sui
423 4185 456 4251 in
480 4187 614 4253 caritate.
658 4183 756 4263 Quod
777 4183 1068 4269 &Utem.00tpol·ai⁰tt
1082 4179 1159 4247 haec
1183 4185 1316 4243 corporalis
