2790 4792
303 218 867 312 suucuanrsrrrn
1055 253 1134 339 ηρ

61 454 77 479 ³-
123 449 178 505 -3,
220 430 418 498 CYRILLUS
446 424 529 491 IIIex.
559 429 590 488 in
611 430 697 513 epist.
720 428 759 496 ad
774 422 916 512 ¹(ialosyr.
940 431 1046 515 Episc.
1066 430 1131 492 Ar-
1140 459 1306 507 mmmm,

60 521 189 582 sinoit.r
219 520 285 579 Nec
304 516 443 591 dubites,
476 535 515 575 an
539 511 602 572 hoc
628 528 734 572 verum¹
751 516 807 590 sit,
839 536 874 577 eo
898 513 1059 578 manifeste
1078 507 1304 605 di-,dgpdovgft
1329 506 1336 519 ’

63 618 176 664 cente:
210 604 278 670 Hoc
319 592 363 661 est
387 616 508 687 ¹ccupas·
532 616 649 656 meum:
684 597 738 655 sed
758 598 860 680 potius
884 603 1003 682 suscipe
1032 602 1127 663 verba
1137 606 1180 651 ris.
1196 572 1253 617 m

62 688 226 750 salvamus
246 689 277 746 in
297 685 377 747 fide:
396 700 466 743 oum
487 684 567 741 enim
588 682 630 739 sit
651 683 771 756 veritas,
793 703 853 741 non
874 687 1030 746 mentitur.
1072 687 1129 746 In·
1168 702 1171 709 ·
1197 744 1205 763 ,

63 773 193 832 saniunt
223 764 483 854 igitur-dicentes,
518 766 676 840 mysticam
694 763 938 827 benedictionem
959 768 1128 830 asunctifi·

63 858 186 915 catione
211 872 354 932 cessares
370 848 401 912 si
421 871 501 934 quae
518 849 668 930 reliquiae
693 853 891 910 remanserint
908 854 974 932 ejus
991 854 1024 913 in
1049 854 1129 914 diem

63 938 311 1021 subsequentem:
341 936 415 998 Non·
439 931 518 995 enim
547 931 719 992 mutabitur
744 945 818 1010 eto,
843 945 989 1018 utsupra
1011 951 1128 1023 quaest.

61 1025 210 1100 secunda,
231 1024 263 1085 Β.
284 1036 316 1092 t.
347 1040 350 1046 '
423 1048 426 1053 ·
590 1024 593 1029 ’
804 1064 808 1070 -
901 1038 904 1045 ’

145 1120 174 1179 4.
217 1100 545 1168 CRRYSOSTOMUS
575 1097 659 1161 hom.
690 1099 739 1168 aa
770 1104 802 1161 in
836 1101 946 1162 Matth.
967 1115 998 1162 et
1018 1117 1069 1170 ao.
1090 1103 1131 1167 ad

58 1208 132 1277 pop.
154 1191 319 1251 Antioche
342 1189 509 1249 Credamus
540 1186 646 1265 itaque
666 1185 784 1267 ubique
804 1184 915 1262 ΠΕΟ,
946 1208 1003 1246 nec
1018 1208 1132 1270 repug-

57 1292 162 1336 nemus
179 1279 223 1353 ei,
247 1268 364 1337 etiamsi
382 1272 484 1332 sensui
507 1279 537 1328 et
556 1271 735 1352 cogitationi
753 1282 876 1329 nostrae
886 1269 1055 1330 absurdum
1068 1290 1132 1330 csse

58 1360 222 1434 videatur,
253 1358 342 1440 quod
359 1355 464 1415 dicit:
496 1364 617 1434 superet
652 1364 682 1411 et
700 1374 819 1413 sensum
841 1355 1036 1414 strationem
1058 1374 1134 1413 uos·

58 1455 136 1504 tram
162 1463 265 1502 sermo
295 1441 411 1522 ipsius:
445 1437 529 1518 quod
546 1439 578 1496 in
604 1436 747 1498 omnibus
770 1450 800 1498 et
825 1440 990 1521 praecipue
1010 1439 1041 1498 in
1064 1459 1133 1512 my·
1144 1455 1285 1516 nycaenam

57 1529 161 1588 steriis
179 1527 346 1597 faciamus,
369 1542 432 1581 non
453 1521 519 1596 illa,
542 1516 717 1601 quae'ante
737 1520 794 1581 iios
816 1524 938 1602 jacent,
961 1504 1307 1611 solummo-iii⁸¹iii1‚ii⁰⁶

59 1612 104 1671 do
139 1609 363 1690 adspicientes,
403 1605 455 1665 sed
482 1603 576 1664 rerba
614 1625 738 1687 quoque
769 1608 848 1687 ejus.
866 1617 1011 1667 tenentes.
1054 1609 1131 1666 Nam
1141 1609 1306 1698 ffltffiffg·

59 1693 168 1752 uerbis
203 1692 273 1770 ejus
299 1688 473 1749 defraudari
508 1709 571 1748 non
598 1710 777 1771 possumus,
810 1711 915 1750 sensus
934 1712 1006 1751 vero
1026 1702 1130 1751 noster
1142 1705 1236 1747 surdum
1248 1682 1303 1748 vis

61 1777 202 1857 deceptu
220 1771 378 1833 facillimus
400 1786 458 1834 est:
480 1771 529 1833 illa
550 1772 623 1832 falsu
645 1773 792 1835 essenon
813 1786 962 1857 possunt,
996 1775 1048 1835 hic
1062 1753 1230 1851 sae-‘¹⁶⁸mff

58 1862 133 1944 pius
152 1870 245 1937 atque
263 1859 380 1938 saepius
397 1858 527 1924 fellitum
552 1860 694 1937 quoniam
719 1860 791 1941 ergo
806 1858 860 1920 ille
879 1859 971 1919 dixit:
993 1860 1063 1920 Hoc
1085 1871 1131 1921 est
1140 1883 1199 1925 arar.
1211 1887 1303 1935 ιω.

57 1962 178 2024 corpus
200 1962 319 2014 meum,
349 1941 432 2002 nulia
457 1954 614 2001 teneamur
635 1941 855 2026 ambignitate,
890 1943 944 2004 sed
959 1945 1128 2020 credamus,
1357 1940 1360 1949 ¹

58 2038 93 2088 et
114 2025 213 2086 oculis
236 2023 406 2088 intellectus
422 2026 455 2087 id
467 2027 687 2110 perspiciamus
702 2039 777 2104 eto,
805 2039 841 2089 ut
864 2048 956 2112 supra
972 2032 1129 2111 quaestio-

60 2132 102 2173 ne
125 2111 239 2193 prima,
271 2109 305 2173 B.
329 2122 357 2176 4.

148 2207 175 2260 5.
217 2192 299 2254 LEO
322 2193 365 2253 Μ.
389 2193 484 2253 Serm.
506 2207 536 2256 tt.
560 2193 598 2254 de
620 2197 717 2276 jejun.
740 2208 768 2262 7.
784 2215 896 2254 mensa
917 2193 1048 2254 Dicente
1062 2196 1128 2254 Do·
1142 2223 1226 2261 som,
1240 2217 1265 2266 ο,

62 2280 168 2342 mino:
187 2277 253 2336 Nisi
274 2278 527 2337 manducaveritis
556 2299 677 2338 carnem
692 2278 749 2337 filii
763 2279 917 2352 hominis,
942 2290 972 2336 et
992 2277 1132 2337 biberitis
1142 2271 1206 2311 Μ
1226 2282 1294 2327 ΡΜ.

1145 2331 1185 2358 sus
1199 2318 1227 2356 de
1247 2331 1305 2357 reri-

63 2366 134 2444 ejus
157 2363 362 2444 sanguinem,
378 2383 443 2421 non
465 2360 619 2422 habebitis
644 2364 739 2420 vitam
765 2363 796 2419 in
823 2360 913 2420 vobis
925 2403 935 2435 ,
965 2362 1009 2419 sic
1032 2367 1308 2467 ⁵³⁰f³022²2222115122

57 2466 180 2510 mensae
201 2448 422 2506 communicare
456 2445 597 2520 debetis,
631 2456 666 2504 nt
699 2443 777 2502 nihil
798 2463 929 2525 prorsus
952 2442 990 2502 de
1009 2444 1260 2518 veritatemnrgm.

63 2533 203 2614 corporis
239 2531 399 2590 CHRISTI
431 2540 461 2588 et
498 2529 654 2609 sanguinis
686 2528 859 2610 ambigatis:
892 2527 960 2586 Hoc
981 2529 1059 2586 enim
1081 2549 1134 2588 ore
1145 2512 1205 2554 ‘¹⁸⁰¹‘
1242 2557 1249 2589 r
1274 2518 1281 2530 ⁹

59 2617 213 2692 sumitur,
249 2616 336 2696 quod
369 2612 432 2672 fide
455 2612 613 2670 creditur:
641 2624 671 2671 et
692 2613 805 2671 frustra
826 2611 866 2671 ab
888 2610 947 2671 illis
968 2611 1064 2672 Amen
1084 2635 1136 2673 re-

62 2700 251 2785 spondetur,
274 2720 290 2757 a
314 2697 427 2778 quibus
450 2707 558 2755 contra
579 2695 629 2773 id,
652 2698 736 2777 quod
758 2699 924 2780 accipitur,
949 2696 1134 2780 disputatur.
1203 2744 1212 2765 ,,

148 2796 178 2850 6.
222 2781 450 2840 CONCILIUM
474 2801 539 2862 gen.
561 2780 709 2847 Viennen.
732 2781 789 2841 sub
822 2781 964 2841 Clement.
984 2781 1023 2842 V.
1055 2783 1135 2843 ccic-

61 2868 169 2941 brat.,
200 2865 382 2946 approbavit
406 2865 604 2924 Clementinas
632 2867 872 2927 constitutiones.
927 2867 963 2924 In
983 2888 1042 2925 una
1061 2887 1135 2927 vero

61 2972 175 3016 earum
202 2950 476 3025 constitutionum,
504 2970 582 3030 quae
607 2948 741 3012 habetur
769 2952 861 3010 titulo
888 2949 926 3007 de
949 2950 1084 3031 reliquiis
1107 2962 1137 3009 et

56 3034 266 3100 ⁴veneratione
295 3031 497 3110 Sanctorum,
530 3036 699 3095 recitantur
731 3047 760 3107 ct
790 3033 1005 3116 approbantur
1032 3034 1137 3093 literae
1202 3104 1205 3109 Ι
1289 3096 1292 3101 ,

63 3122 91 3186 A
115 3116 266 3181 ostolicae
296 3116 414 3175 Urbani
447 3120 548 3199 quarti
579 3117 616 3178 de
652 3118 857 3179 celebratione
894 3116 964 3174 festi
996 3119 1311 3198 corporisonnstuseor.

63 3145 256 3267 cilRISth
278 3201 332 3260 ubi
363 3213 442 3260 mter
469 3214 600 3279 caetera,
623 3224 701 3284 qnae
724 3201 931 3284 pulcherrime
953 3200 991 3259 de
1011 3185 1303 3287 vener·a-„{2}2¹,⁶,'ss„

56 3290 124 3353 bili
148 3285 357 3347 Eucharistiae
372 3286 567 3345 Sacramento
581 3286 619 3344 ab
642 3286 769 3347 Urbano
793 3287 1003 3361 disseruntur,
1024 3287 1073 3346 ita¹
1090 3285 1138 3344 di-
1149 3283 1255 3336 Pf⁰¹¹¹¹⁸¹t
1269 3284 1314 3322 '³⁰‘

64 3377 171 3434 citur:
205 3373 236 3429 in
257 3370 315 3429 hac
337 3391 410 3429 vero
440 3373 646 3431 sacramentaii
667 3371 830 3430 CHRISTI
854 3371 1138 3434 commemoratione
1149 3334 1197 3434 iiii
1200 3345 1234 3420 id
1244 3344 1298 3439 edi:

56 3454 189 3521 JESUS
223 3454 418 3514 CHRISTUS
456 3475 609 3536 praesens·
625 3455 683 3516 sub
717 3454 775 3515 alia
801 3454 923 3536 quidem
953 3453 1074 3530 forma,
1109 3436 1315 3532 iuiiffiiiin.

64 3562 132 3630 pro
158 3541 203 3598 ria
224 3561 295 3599 vero
315 3538 486 3599 substantIa
511 3550 557 3597 est
575 3538 746 3601 nobiscum.
790 3539 978 3599 Ascensurus
1009 3541 1087 3598 enim
1108 3542 1142 3600 iu
1217 3544 1222 3551 '
1271 3544 1274 3549 ‘

67 3560 205 3700 caeiiim,
240 3624 315 3683 dixit
351 3623 535 3707 Apostolis,
571 3635 601 3682 et
630 3624 735 3684 eorum
755 3624 950 3706 sequacibus:
984 3624 1065 3684 Ecce
1086 3645 1141 3709 ego

67 3710 235 3775 vobiscum
267 3729 334 3768 sum
367 3709 509 3768 omnibus
546 3708 654 3767 diebus
673 3709 830 3789 usquead
853 3710 1144 3770 consummationem
1248 3742 1250 3747 ·

58 3792 207 3870 'saeculi,
228 3791 359 3876 benigna
377 3797 461 3877 ipsos
483 3793 685 3875 promissione
707 3791 904 3866 confortans,
939 3791 1026 3873 quod
1046 3814 1145 3855 rema·
1223 3852 1226 3857 .

73 3889 161 3940 neret
187 3889 218 3936 et
239 3890 317 3937 esset
342 3899 410 3937 cum
433 3881 474 3938 eit
492 3879 583 3937 etiam
603 3877 773 3959 praesentia
800 3875 960 3956 corporali,

164 3974 192 4028 1.
215 3962 253 4019 D.
297 3960 554 4022 AUGUSTINUS
577 3965 608 4021 in
630 3962 741 4020 Psalm.
763 3959 1089 4044 XCVlII.:·Suscepit
1108 3961 1148 4022 de
1183 4005 1187 4012 ‚

65 4056 161 4107 -rena
189 4057 322 4120 terram,
360 4048 432 4128 quia
453 4067 523 4107 caro
545 4047 583 4106 de
614 4059 698 4105 terra
720 4055 781 4120 est,
804 4055 834 4104 et
864 4043 902 4104 de
923 4065 1012 4106 carne
1033 4048 1150 4107 Mariae
1179 4102 1181 4109 .

82 4130 202 4191 ca'rnem
227 4133 352 4214 accepit.
406 4131 448 4189 Et
482 4135 555 4213 quia
574 4135 608 4192 ⁴in
629 4133 695 4216 ipsa
717 4149 807 4190 carne
827 4122 879 4191 bic
899 4130 1084 4209 ambularit,
1122 4140 1152 4188 et
1163 4135 1230 4224 2332
1233 4129 1269 4218 ,ig
1271 4134 1325 4219 ,21:¹⁵

136 4256 245 4301 caninius
260 4254 286 4299 ἲ.
300 4258 331 4299 11.
890 4266 902 4279 *
933 4260 952 4318 9
1032 4260 1037 4275 ¹
