2790 4792
318 335 328 349 ·=
423 302 753 407 [onorius.
1042 321 1122 393 cre

10 521 14 560 ι
47 500 235 582 subjiciaris,
252 503 303 562 cui
324 503 450 584 imperat
471 497 565 575 Deus,
591 516 654 557 non
677 495 883 583 multomagis
898 499 1041 565 mercede
1057 499 1119 563 do·

10 607 19 645 ι
43 585 190 646 naboris?
212 578 305 669 super
326 583 516 659 cathedram,
536 583 648 662 inquit,
672 580 775 657 Moysi
798 583 940 647 sederunt
953 586 1073 649 scribae
1087 599 1118 648 et
1126 607 1209 661 ιιιιιι.
1222 628 1255 675 2³,
1268 633 1287 673 t·

10 672 19 730 i
43 669 217 753 pharisaei:
241 672 336 731 onmia
356 690 442 754 crgo,
459 676 666 749 quaecunque
680 663 812 725 dixerint
823 667 907 730 vobis
929 670 1040 747 facere,
1067 672 1116 743 fa-

10 756 19 815 l
43 755 121 826 cite,
139 755 301 814 secundum
322 766 422 814 autem
436 771 539 832 opera
567 760 729 808 eorumne
744 749 872 810 faciatis.
913 753 961 812 Au
983 757 1113 836 ignores,
1135 778 1137 785 ’

10 861 18 899 ι
45 836 130 918 quid
156 841 194 898 sit
225 837 384 899 sacerdos?
439 833 572 916 Angelus
599 835 707 913 utique
735 833 861 893 Domini
891 847 945 895 est.
986 838 1058 898 Non
1080 861 1114 900 ex
1123 859 1221 903 miraei.
1229 868 1252 912 2.
1261 868 1284 911 z.
1377 906 1380 910 Α

10 946 18 981 ι
45 941 85 980 se
110 925 177 1003 ipso
191 922 339 1004 loquitdr:
362 922 388 980 si
412 918 553 999 despicis,
574 937 637 976 non
661 915 748 996 illum
771 918 911 1001 despicis,
932 919 985 979 sed
1004 924 1114 1001 Deum,

10 1030 15 1067 ι
41 1005 102 1085 qui
123 1005 377 1068 illnmordinarit.
421 1001 483 1060 Sed
505 999 596 1074 unde,
619 1002 749 1082 inquies,
763 1015 894 1078 constat,
909 1003 1006 1062 Deum
1022 1006 1114 1068 fuisse

37 1088 125 1147 illius
152 1092 351 1152 ordinationis
384 1085 563 1145 auctorem?
605 1085 721 1168 Nempe
749 1087 806 1146 nisi
823 1099 862 1164 tu
896 1086 976 1146 hanc
1001 1087 1114 1151 habeas
1153 1102 1155 1107 ’

36 1173 225 1256 opinionem,
246 1195 315 1257 spes
330 1185 383 1231 tua
404 1170 507 1229 inanis·
520 1169 601 1230 facta
614 1180 667 1230 est.
709 1170 786 1230 Nem
804 1172 830 1230 si
853 1169 933 1231 nihil
955 1172 1115 1252 perillum

34 1264 187 1339 operatur
206 1261 302 1332 Deus,
328 1272 427 1334 neque
454 1252 605 1314 lavacrum
631 1252 748 1331 habes,
772 1275 872 1336 neque
895 1260 1115 1330 mysteriorum

30 1343 190 1426 particeps
212 1364 255 1419 cs,
273 1358 373 1419 neque
386 1335 652 1399 benedictionibus
675 1338 794 1399 frueris.
837 1340 908 1400 Non
929 1361 1002 1422 ergo
1020 1340 1114 1400 Chri·

27 1425 153 1486 stianus
173 1447 214 1487 cs.
259 1423 344 1499 Quid
365 1421 462 1504 ergo?
504 1425 588 1482 Deus
614 1440 718 1484 onmes
737 1423 870 1500 ordinat,
891 1424 982 1483 etiam
1009 1423 1114 1509 indig-

17 1510 122 1570 .nos?
164 1511 235 1569 Non
272 1523 375 1578 omnes
403 1505 525 1586 quidem
546 1507 596 1566 ille
629 1504 768 1583 ordinat,
796 1529 853 1590 per
880 1529 983 1568 omnes
1010 1520 1112 1571 tamen

25 1592 103 1676 ipse
126 1605 281 1676 operatur,
304 1590 429 1650 salutem
449 1589 560 1673 populi
582 1589 720 1669 moliens,
743 1612 806 1650 non
838 1591 965 1652 illorum
991 1593 1111 1653 intuens
1158 1636 1159 1641 κ
1205 1656 1208 1661 .

25 1678 154 1738 merita.
200 1677 275 1735 Nam
298 1677 323 1734 si
344 1694 400 1757 per
422 1677 522 1734 asinae
542 1695 586 1750 os,
606 1675 631 1733 si
654 1695 714 1756 ⁴per
734 1674 854 1736 Balaam
868 1675 1027 1736 scelestum
1050 1677 1278 1769 ho-Nmz2⁰

25 1761 161 1835 minem,
177 1759 283 1840 populi
300 1778 390 1818 cause
413 1758 535 1819 locutus
555 1768 614 1818 esta
637 1757 735 1818 multo
761 1762 854 1844 magis
888 1759 1031 1841 loquitur
1052 1783 1111 1844 per
1280 1758 1286 1772 '

26 1843 238 1918 sacerdotem,
258 1840 355 1925 plebis
383 1862 456 1919 suae
478 1845 585 1925 gratia.
629 1841 713 1918 Quid
738 1847 819 1904 enim
848 1865 910 1903 non
936 1847 999 1926 agit
1026 1847 1110 1907 Deus

27 1925 146 1988 salutis
170 1938 290 1987 nostrae
318 1925 429 1987 causa?
461 1926 537 2008 quid
563 1926 811 2007 conloquitur?
845 1946 901 2010 per
928 1924 1017 2009 quem
1045 1951 1107 1990 non

25 2012 205 2092 operatur?
248 2011 279 2069 Si
299 2013 451 2091 enim-per
466 2012 576 2070 Judam
600 2024 741 2092 operatus
761 2024 807 2072 est
832 2023 862 2070 et
881 2031 938 2093 per
961 2012 1206 2104 Prophe-„m
1238 2068 1250 2106 9
1315 2021 1318 2027 '

22 2106 92 2168 tes,
117 2095 228 2174 quibus
251 2094 387 2152 dicturus
415 2105 475 2152 este
517 2093 588 2153 Nori
623 2095 695 2155 novi
721 2116 794 2173 vos,
826 2094 973 2154 discedite
1000 2117 1016 2156 a
1048 2086 1279 2176 mmmm-'nea

21 2178 276 2262 quioperamini
304 2178 515 2258 iniquitatem,
545 2188 664 2259 perque
686 2178 768 2255 illos,
799 2181 853 2258 qui
885 2180 1050 2241 doemones
1075 2185 1108 2242 in

21 2280 158 2323 nomme
186 2278 241 2321 suo
262 2263 433 2342 ejecerantz
454 2282 519 2322 non
535 2264 630 2342 magis
652 2281 709 2340 per
727 2262 903 2328 sacerdotes
924 2262 1027 2320 divino
1048 2266 1108 2322 mi-

27 2347 162 2405 nisterio
182 2345 357 2406 famulantes
383 2344 587 2427 operabitur?
629 2342 768 2423 Namque
800 2344 824 2401 si
856 2347 1107 2423 praepositorum

27 2430 110 2490 vites
129 2430 279 2490 discutere
299 2432 466 2513 pergimus,
485 2428 548 2506 ipsi
568 2425 712 2483 doctores
730 2435 851 2489 nostros
869 2424 1008 2486 ordinare
1032 2449 1109 2487 con-

23 2513 200 2591 tendimus,
225 2530 435 2597 pervcrsoque
471 2508 583 2567 ordine
607 2506 759 2582 naturali,
792 2527 870 2587 quae
898 2529 994 2591 supra
1027 2523 1107 2589 sunt,

19 2597 194 2661 interesse
216 2597 368 2668 volumus,
385 2604 420 2650 ut
441 2591 582 2673 superius
604 2590 706 2670 pedes,
731 2591 858 2650 inferius
880 2611 953 2652 vero
986 2596 1026 2655 sit
1056 2617 1108 2657 ca·

15 2693 100 2769 put
143 2681 235 2757 Audi,
256 2678 332 2758 quid
346 2674 461 2735 Paulus
485 2673 581 2732 dicut:
624 2676 815 2735 Mihiautem
828 2696 887 2758 pro
908 2680 1032 2739 minimo
1049 2692 1103 2757 cst,
1115 2705 1134 2744 ι.
1146 2698 1200 2741 (ιω.
1212 2707 1232 2750 ι,
1243 2709 1262 2749 ι.
1340 2677 1343 2685 ¹

10 2780 66 2829 ιιι
95 2763 218 2824 avobis
239 2761 372 2841 judicer,
396 2769 449 2816 aut
469 2758 507 2817 ab
527 2757 660 2818 humano
672 2758 743 2825 die:
767 2763 937 2822 etiterum:
958 2764 1006 2823 Tu
1029 2765 1105 2848 quid
1298 2774 1300 2777 ’

10 2848 153 2933 judicas
185 2847 313 2905 fratrem
340 2841 452 2902 tuum?
500 2842 533 2903 Si
563 2842 687 2928 fratrem
717 2844 856 2926 judicare
881 2861 942 2907 noo
971 2851 1179 2931 expediemus
1192 2867 1255 2907 mr.

10 2930 157 3020 quando
181 2931 279 2987 minus
296 2928 495 3010 magistrum?
537 2925 613 2987 Nam
628 2930 653 2987 si
666 2930 790 3009 quidem
804 2930 866 2990 hoc
887 2935 993 2991 statuit
1010 2935 1102 3008 Deus,
1151 2970 1153 2977 =

10 3014 112 3079 bene
136 3012 219 3088 facis,
243 3031 422 3093 peccesque,
443 3012 475 3072 ni
497 3012 610 3072 facias:
632 3014 679 3072 sin
699 3035 774 3075 vcro
798 3018 953 3075 contraria
976 3037 1103 3099 praeoe-

49 3103 91 3173 it,
111 3095 176 3155 noli
198 3115 397 3178 praesumere,
419 3104 517 3176 neque
544 3100 728 3175 coroneris,
760 3119 838 3179 quac
859 3118 949 3181 super
971 3112 1001 3158 te
1021 3113 1100 3160 sunt.

10 3121 264 3246 Nascerexerunt
285 3181 427 3241 adversus
455 3180 556 3240 Aaron
579 3191 653 3263 post
674 3183 762 3242 vituli
789 3183 951 3243 formatam
974 3183 1100 3267 effigiem
1109 3212 1176 3256 qm,
1198 3220 1231 3263 1„
1244 3221 1265 3263 2

10 3268 145 3340 Ghore,
167 3263 300 3342 Dathau,
321 3263 489 3324 ethbiron.
532 3264 617 3340 Quid
633 3265 727 3348 ergo?
767 3266 876 3326 Nonne
900 3267 942 3326 illi
959 3270 1099 3350 periere?

10 3347 181 3430 Quilibet,
202 3368 280 3428 quae
309 3349 347 3408 ad
374 3369 405 3408 se
425 3349 588 3431 pertinent,
608 3349 728 3409 solicite
749 3361 844 3423 curet.
886 3350 963 3411 Nam
983 3356 1008 3412 si
1025 3357 1211 3446 qui-med

10 3436 101 3499 dem
126 3429 199 3492 fidei
221 3431 330 3514 dogma
354 3443 529 3514 pervertat,
556 3434 671 3492 etiamsi
699 3434 835 3516 Angelos
862 3436 923 3511 sit,
950 3436 1097 3497 obaudire
1106 3417 1264 3514 pleniorii?
1265 3419 1280 3451 ⁸

10 3517 111 3583 nolit
134 3518 180 3577 siu
206 3536 280 3575 vero
302 3528 384 3576 recto
410 3517 511 3593 docet,
533 3516 599 3577 noli
620 3519 708 3592 vitae,
733 3518 787 3579 sed
808 3517 910 3578 verbis
930 3503 1277 3583 ἰιιιιιιιάιιιιι.’ω”ωάωήι

74 3601 132 3661 bes
167 3600 299 3661 Paulum
327 3599 427 3663 verbis
451 3611 482 3660 te
522 3600 732 3683 operibusque
763 3603 978 3664 moderantem.
1026 3606 1099 3667 Non

10 3686 190 3751 distribuit
220 3682 418 3767 pauperibus,
442 3685 571 3765 inquies,
594 3705 655 3744 non
672 3685 750 3744 hene
769 3686 933 3770 dispensat·
945 3689 1101 3751 Ecclesiae

10 3770 86 3833 tei.
130 3757 218 3829 Unde
238 3767 297 3830 tibi
325 3767 359 3827 id
382 3768 525 3828 constat?
566 3769 637 3828 Noli
660 3767 744 3828 illum
758 3770 913 3853 culpare,
938 3784 1100 3854 antequam

13 3856 140 3917 discas.-
182 3854 310 3914 Rectum
333 3872 413 3912 cave.
454 3852 596 3912 Plurima·
612 3854 727 3935 quippe
749 3874 782 3914 ex
810 3854 939 3937 simplici
969 3860 1276 3940 suspici—0b2„,2.20,1,

10 3956 89 4001 oue
114 3937 303 4017 judicantur.
347 3937 470 3997 Imitare
491 3936 592 3996 Deum
610 3948 707 4012 tuum,
728 3937 799 3997 audi
813 3939 913 4020 ipsum
933 3940 1096 4002 dicentem:
1109 3934 1261 4026 {2:,f⁶⁸1¹⁰¹⁴
1355 3998 1358 4003 .

10 4020 225 4085 Descendens
239 4020 360 4098 videbo,
385 4022 410 4082 si
430 4019 596 4081 secundum
609 4020 771 4081 clamorem
783 4042 873 4080 suum
887 4043 1097 4086 consumman-

10 4110 102 4171 turz
126 4106 171 4163 sin
197 4117 312 4182 autom,
332 4117 368 4165 ut
397 4107 502 4171 sciam.
546 4105 642 4180 Quod
665 4107 721 4164 etsi
751 4104 908 4183 didicisti,
934 4121 963 4169 et
990 4114 1264 4188 exemi-osorem.

10 4188 117 4263 uasti,
138 4201 168 4248 et
196 4188 317 4267 vidisti)
341 4189 477 4273 judicem
502 4192 624 4253 sustine.
673 4187 748 4252 Noli
777 4191 954 4275 praeripere
968 4260 974 4271 ,
988 4195 1103 4263 Christi

68 4312 185 4358 canisius
200 4314 225 4359 ἲ.
240 4314 270 4360 11.
670 4322 674 4331 '
885 4315 929 4380 Μ

821 4426 826 4444 .
852 4405 858 4449 t
934 4429 938 4433 -
