2790 4792
342 278 871 352 aucaa‘arsrtna.
1064 273 1141 365 113

64 474 117 536 via
140 473 222 535 facta
239 469 388 554 producit
401 469 539 552 germina,
563 467 669 527 divino
681 466 828 547 coadjuta
844 481 874 537 et
895 471 1033 553 vigorata
1047 489 1140 552 prae-

71 569 174 639 cepto.
218 557 306 615 Dixit
326 555 425 616 Deus:
459 553 528 612 Hoc
554 563 602 612 est
620 570 735 631 corpus
758 571 871 622 meani3
887 568 940 615 et:
973 555 1137 616 Hicmeus

70 654 117 702 est
133 642 277 722 sanguis3
297 638 341 698 eti
370 638 436 697 Hoc
458 637 548 697 facite
574 637 606 693 in
629 655 727 693 meam
753 640 1082 698 commemorationem:
1105 652 1311 718 etversaqone

71 724 277 807 omnipotenti
299 723 363 803 ejus
374 733 547 803 praecepto.
570 718 789 793 denecteniat,
803 718 940 781 efficitur.
984 721 1035 783 Sic
1056 723 1134 782 enim
1146 711 1300 794 ἷζξξξζῖξζῃῗ

71 809 164 867 dixit:
208 807 314 867 Donec
341 808 450 874 veniat3
482 818 512 863 et
536 800 573 862 fit
594 801 698 883 pluria
717 822 813 861 norae
838 802 909 864 huic
932 806 1312 898 agriculturacglmt’ffirgtt

70 912 129 974 per
157 893 372 953 invocationem
396 889 531 972 Spiritus
560 886 673 960 sancti,
697 883 882 946 obumbrans
910 890 1015 949 virtus.
1057 891 1135 950 Nam
1157 892 1173 909 “’
1194 961 1211 972 ·

70 970 323 1056 quemadmodum
345 994 456 1047 omnia,
485 988 687 1050 quaecunque
702 968 774 1028 fecit
785 970 878 1044 Deus,
900 972 1010 1050 spiritu
1028 987 1134 1034 sancto
1153 988 1154 991 ’

70 1071 212 1140 operante
236 1060 327 1119 fecit:
349 1061 393 1118 sic
419 1067 450 1115 et
469 1074 552 1113 nunc
573 1053 700 1133 spiritus
729 1054 827 1113 sancti
857 1055 1045 1135 operatione
1059 1055 1136 1118 haec

68 1162 160 1224 super
172 1155 308 1205 naturam
323 1152 480 1224 operatur,
495 1156 572 1216 quae
586 1155 650 1215 non
663 1148 764 1217 potest
778 1157 884 1217 capere
896 1139 954 1196 nisi
966 1138 1033 1198 sola
1049 1136 1136 1199 fides.

68 1226 234 1301 Quomodo
253 1225 309 1287 fiet
327 1224 404 1284 mihi
420 1220 511 1294 istud,
534 1218 609 1278 dicit
622 1232 726 1279 sancta
741 1220 851 1301 Virgo,
874 1223 1016 1300 quoniam
1038 1225 1138 1282 virum
1151 1263 1255 1304 noenia
1268 1265 1312 1304 fid,

67 1330 130 1370 non
149 1309 325 1394 cognosco?
368 1303 545 1385 Respondet
563 1301 706 1362 Gabriel
735 1302 963 1384 Archangelus:
1006 1305 1137 1385 Spiritus
1150 1323 1176 1351 θ’
1192 1312 1312 1372 taurana.

68 1386 187 1455 sendus
213 1392 412 1475 superveniet
427 1390 514 1460 inte,
535 1398 564 1446 et
581 1387 675 1444 virtus
694 1386 829 1446 altissimi
845 1385 1045 1446 obumbrabit
1065 1387 1137 1448 tibi:
1149 1365 1307 1447 iio.¹‘⁴³¹¹⁸'··

69 1488 99 1536 et
121 1499 206 1537 nunc
228 1480 414 1551 interrogas,
439 1469 594 1549 quomodo
616 1469 761 1549 panisfit
774 1470 893 1550 Corpus
918 1456 1283 1544 CHR15T1‚et¹⁴¹¹⁰·¹·³⁵

67 1562 175 1621 vinum
195 1569 226 1617 et
256 1554 479 1634 aquasauguis
500 1551 683 1612 CHRISTI?
723 1554 905 1636 Respondeo
936 1555 992 1614 tibi
1015 1556 1045 1614 et
1067 1574 1137 1637 ego:

68 1645 207 1724 Spiritus
229 1649 352 1696 sanctus
372 1635 552 1710 obumbrat,
574 1649 604 1696 et
622 1635 699 1696 baec
719 1651 870 1719 operatur
899 1659 991 1720 super
1021 1659 1138 1698 sermo-

68 1746 143 1783 nem
168 1733 199 1780 et
220 1719 464 1802 intelligentiam:
487 1721 572 1801 panis
590 1732 688 1780 autem
710 1734 741 1781 et
760 1723 862 1780 vinum
895 1721 915 1798 *)
940 1735 1136 1783 transumun-
1168 1742 1201 1822 a)
1223 1765 1307 1820 ''t''

69 1819 146 1869 mr:
168 1807 256 1865 norit
277 1805 353 1862 enim
369 1805 450 1863 Deus
471 1802 632 1863 humanam
647 1802 860 1880 infirmitatem,
879 1806 966 1886 quod
977 1807 1135 1890 complura
1145 1824 1283 1902 „354”-

67 1913 129 1950 usu
151 1909 213 1949 non
229 1890 301 1948 trita
321 1898 476 1949 aversatur
495 1888 620 1949 moleste
641 1888 751 1948 ferens.
794 1889 922 1950 Assueto
945 1893 1037 1973 igitur
1058 1912 1134 1952 con·
1147 1934 1201 1975 m

66 1976 219 2036 descensu
242 1991 323 2047 usus,
346 1992 403 2053 per
430 1984 570 2031 consueta
598 1984 722 2035 naturae
739 1994 776 2034 ea
794 1974 877 2050 facit,
899 1995 977 2056 quae
993 1988 1066 2036 sunt
1082 1995 1138 2055 su-

67 2079 125 2142 per
145 2069 295 2117 naturam.
338 2054 379 2114 Et
408 2056 659 2136 quamadmodum
683 2059 715 2117 in
737 2058 937 2140 Baptismate,
962 2063 1034 2140 quia
1061 2080 1137 2119 con-

68 2141 199 2203 suetudo
218 2138 559 2221 hominibus·.estaqua
582 2139 686 2216 lavari,
720 2154 751 2201 et
781 2141 851 2200 olco
875 2144 957 2225 ungi,
982 2144 1139 2204 coniunxit

72 2225 145 2305 oleo
166 2235 196 2283 et
214 2243 310 2304 aquae
330 2224 608 2307 gratiamSpiritus
631 2226 739 2299 sancti,
761 2237 791 2284 et
807 2225 881 2284 feeit
893 2225 969 2284 illud
982 2228 1139 2285 lavacrum

73 2309 327 2391 regenarationis,
352 2306 435 2367 hunc
468 2310 500 2369 in
524 2307 670 2382 modum,
702 2310 774 2388 quia
795 2328 862 2365 mos
885 2306 1063 2367 hominibus
1084 2320 1312 2382 estonum·-

71 2411 182 2476 panem
197 2391 389 2473 manducare,
411 2394 568 2477 etvrinum
593 2399 752 2470 et'aquam
770 2390 889 2466 bibere,
913 2394 1069 2450 coniunxit
1092 2390 1139 2450 his
1149 2382 1196 2458 3221
1204 2375 1316 2457 Ρῗξζῖηξῗ

71 2475 147 2559 ipsis
167 2495 252 2536 suam
274 2475 471 2551 divinitatem,
494 2484 525 2532 et
539 2474 615 2533 feeit
636 2472 712 2532 haec
733 2493 821 2532 suum
836 2494 949 2556 corpus
971 2485 1001 2533 et
1017 2471 1195 2557 sangui-²⁰⁰¹
1209 2467 1254 2506 ¹¹⁰⁰
1274 2465 1313 2505 ⁸⁸·

71 2580 156 2635 nem,
180 2570 303 2641 ut‘per
325 2572 463 2632 assueta,
487 2569 520 2616 et
552 2576 629 2641 quae
652 2568 723 2616 sunt
740 2556 909 2617 seeundum
936 2571 1083 2635 naturam,
1107 2563 1139 2618 iu

71 2646 121 2720 iis,
145 2664 224 2723 quae
245 2655 317 2702 sunt
333 2662 427 2723 super
442 2653 593 2712 naturam,
617 2640 815 2711 collocemur.
858 2640 977 2724 Corpus
999 2645 1076 2704 enim
1091 2665 1140 2704 se-

68 2728 207 2803 cundum
228 2729 386 2788 veritatem
413 2725 613 2803 conjunctum
632 2737 675 2785 est
692 2726 858 2804 divinitati,
882 2728 968 2809 quod
981 2750 1015 2788 ex
1037 2741 1140 2788 sancta

67 2807 313 2894 ⁷‹irgine‘corpus
324 2820 383 2868 est:
398 2829 459 2866 non
468 2808 554 2889 quod
567 2810 664 2890 ipsum
680 2832 791 2893 corpus
805 2827 997 2893 assumptum,
1010 2834 1044 2872 ex
1055 2813 1138 2872 caelo
1226 2841 1231 2855 ·

70 2893 278 2966 descenderit,
299 2892 353 2949 sed
374 2891 460 2970 quod
481 2895 545 2974 ipse
560 2895 646 2974 panis
664 2907 694 2955 et
715 2897 817 2956 vinum
836 2895 1087 2970 *)transmutatur
1107 2899 1162 2963 in*

70 2998 191 3062 eorpus
214 2988 245 3034 et
261 2976 434 3056 sanguinem
453 2978 521 3042 Dei.
564 2978 595 3038 si
615 2991 714 3038 autem
740 2980 866 3039 modum
892 2981 1033 3060 requiris,
1057 2999 1140 3059 quo.-
1166 3010 1206 3071 v*

69 3084 138 3126 nam
155 3070 256 3142 -pacto
280 3055 347 3118 fiat:
377 3069 422 3118 sat
442 3064 481 3118 sit
507 3060 565 3121 tibi
586 3063 711 3138 audire,
741 3065 883 3143 quoniam
915 3084 972 3145 per
993 3063 1140 3143 Spiritum
1150 3038 1263 3154 mima
1283 3112 1305 3158 ,ί

70 3158 224 3218 mactum,
248 3142 503 3222 quemadmodum
524 3165 557 3203 ex
574 3159 675 3206 sancta
695 3147 841 3229 Deipara,
864 3167 895 3206 se
908 3148 977 3227 ipso
1001 3159 1031 3205 ct
1053 3147 1085 3204 in
1110 3127 1316 3220 senum⁹nans.'

69 3235 142 3315 ipso
162 3229 315 3288 Dominus
331 3248 450 3289 carnem
470 3232 657 3295 sustentavit.
700 3230 742 3290 Et
760 3229 838 3290 nihil
856 3229 985 3311 amplius
1011 3248 1140 3311 cognos·
1151 3218 1290 3314 ξᾜξῗζῖ

70 3320 180 3387 cimus,
202 3332 294 3393 quam
317 3311 402 3392 quod
426 3310 553 3371 verbum
571 3315 629 3373 Dei
647 3335 752 3376 verum
777 3325 870 3373 estet
894 3312 996 3373 efficax
1019 3324 1048 3374 et
1073 3311 1296 3403 om-gtgffiffl‘

67 3396 362 3484 nipotens„1n0dus
395 3407 493 3455 autem
517 3397 730 3459 inscrutabilis.
772 3397 880 3478 Neque
908 3409 938 3456 et
959 3396 1021 3459 hoc
1053 3398 1141 3458 etiam
1152 3385 1290 3473 musi,

70 3485 164 3545 dictu
182 3495 368 3562 promptum,
391 3478 550 3560 quomodo
564 3482 743 3542 naturaliter
755 3504 810 3565 per
823 3484 1037 3542 comestionem
1046 3482 1142 3563 panis,
1153 3480 1295 3556 uenerabilis·

68 3569 216 3630 etrinum
228 3577 257 3624 et
270 3586 349 3645 aqna
367 3585 424 3647 per
443 3565 619 3647 potionem,
640 3567 670 3625 in
690 3586 803 3648 corpus
819 3569 1033 3648 etsanguinem
1044 3572 1242 3629 come-Simila·

70 3652 174 3717 dentis
196 3660 225 3708 et
245 3648 378 3710 bibentis
400 3658 633 3724 transmutatur,
656 3660 685 3708 et
704 3671 767 3711 nou
780 3647 816 3713 fit
831 3650 915 3710 aliud
929 3672 1043 3733 eorpus
1064 3670 1146 3732 prte-

72 3748 119 3797 ter
141 3732 187 3806 id,
211 3733 299 3812 quod
320 3728 405 3816 prius
434 3743 498 3793 erat
515 3733 626 3812 ipsius:
669 3732 719 3792 Sic
751 3737 1025 3817 etpropositionis
1047 3737 1143 3817 panis,

75 3821 248 3896 trinumque
270 3829 301 3876 et
330 3837 410 3898 aqua
434 3839 490 3898 per
524 3817 745 3876 invocationem
777 3830 806 3877 et
831 3818 990 3880 adventum
1016 3819 1144 3901 Spiritus

80 3903 174 3963 tancti
204 3901 478 3980 supernaturaliter
500 3899 523 3979 *)
546 3912 771 3961 transmutatur
786 3903 818 3960 in
841 3921 951 3984 corpus
973 3913 1003 3962 et
1024 3903 1146 3986 sangui-
1155 3906 1184 3988 a)
1193 3929 1307 3982 precra

81 4005 147 4049 nero
169 3984 351 4059 CHRISTI,
381 3997 411 4044 et
432 4006 495 4045 non
517 3996 588 4045 sunt
610 3985 692 4060 duo,
721 3984 892 4045 sedunum
916 3997 945 4046 et
966 3986 1053 4048 idem.
1096 3986 1147 4044 Fit
1157 4014 1242 4052 oureus

83 4070 176 4150 igitur
197 4071 246 4144 iis,
269 4074 324 4150 qui
344 4065 405 4133 fide
428 4069 519 4152 digne
544 4080 711 4151 assumunt,
733 4069 765 4127 iu
787 4071 992 4131 remissionem
1005 4061 1149 4154 peccato-

75 4167 209 4229 r·um‚ct
231 4156 265 4218 ia
286 4155 378 4216 vitam
398 4166 562 4232 aeternam,
584 4166 616 4217 et
636 4156 668 4218 ia
690 4154 859 4218 custodiam
881 4158 997 4219 animae
1028 4166 1060 4220 et
1080 4171 1151 4214 cor·

127 4277 239 4326 &nisius
251 4279 278 4323 t.
293 4278 324 4322 11·
924 4279 944 4341 8

1148 2522 1296 2558 aramentum.

1165 2935 1178 2994 l
1187 2954 1317 3005 μεταποι-
