2790 4792
174 300 178 309 ⁴
232 320 357 411 mo‘
471 324 1047 391 ousaeaaunuro
1126 416 1131 433 1

234 515 402 602 participes
428 513 523 572 sancti
545 512 686 594 corporis
707 523 742 573 et.
759 513 889 592 preciosi
913 513 1066 596 sanguinis
1096 510 1211 574 Christi
1231 534 1293 575 oar·

151 596 156 603 ’
234 605 318 662 nium
341 606 479 657 nostrum
508 597 710 677 redemptoris
735 595 848 672 effecti,
871 618 934 655 non
956 610 992 656 ut
1018 617 1206 656 communem
1229 620 1292 658 car-

236 706 305 746 nem
330 683 549 764 percipientes,
584 679 685 761 (quod
708 680 798 758 absit)
825 701 881 739 nec
906 693 943 740 ut
973 682 1032 739 viri
1055 678 1240 759 sanctificati,
1267 694 1289 742 et

238 769 333 829 verbo
351 766 510 845 conjuncti
531 763 698 824 secundum
719 763 873 845 dignitatis
895 765 1051 840 unitatem,
1074 776 1128 824 aut
1148 768 1234 825 sicut
1249 767 1288 825 di·

239 855 340 912 vinam
361 850 543 930 possidentis
565 847 802 922 habitationem,
837 847 891 907 sed
912 862 948 909 ut
968 869 1038 908 vere
1067 846 1286 924 vivificatricem,
1338 890 1340 897 ι

67 930 213 985 ⁹⁰³⁰¹P³¹¹¹¹¹’
244 949 274 997 et
291 937 384 1017 ipsius
405 932 490 992 verbi
513 933 672 1014 propriam
695 931 813 991 factam.
855 932 926 992 Vita
947 934 1025 989 enim
1048 935 1242 1009 naturaliter,
1264 943 1288 991 at

66 982 326 1081 {ffl¹{¹2ii⁸']]eus
349 1021 485 1091 existens,
508 1018 581 1097 quia
602 1016 745 1096 propriae
767 1015 857 1074 carni·
876 1016 979 1074 unitus
1002 1028 1056 1091 est,
1077 1016 1287 1079 vivificatricem

68 1095 170 1175 iiiia,
182 1134 215 1172 m.
246 1125 311 1166 eam
345 1122 408 1161 esse
437 1099 592 1182 professus
615 1111 668 1157 est.
718 1100 760 1156 Et
783 1099 875 1174 ideo,
897 1101 1031 1179 quamvis
1057 1099 1139 1159 ‹licat
1162 1101 1200 1160 ad
1228 1117 1286 1160 nor:

245 1188 352 1262 Amen,
371 1206 455 1245 amen
478 1185 547 1243 dico
566 1183 665 1258 vobis,
686 1184 744 1240 nisi
765 1182 1011 1242 manducaveritis
1030 1204 1150 1242 carnem
1171 1183 1225 1245 filii
1244 1184 1287 1243 lu-
1312 1219 1315 1226 ·

247 1274 345 1345 minis,
368 1283 398 1329 ct
419 1269 559 1328 biberitis
586 1269 651 1347 ejus
678 1269 865 1348 sanguinem:
887 1288 949 1326 nou
970 1279 1069 1326 tamen
1089 1290 1163 1343 eam,
1187 1281 1222 1328 ut
1240 1267 1285 1326 ht·

247 1357 336 1416 minis
359 1355 447 1412 unius
467 1373 501 1411 ex
531 1351 640 1427 uobis,
668 1353 835 1410 existimare
858 1350 1016 1410 debemus:
1039 1353 1193 1431 quomodo
1225 1353 1284 1411 enim

248 1443 335 1521 juxta
352 1451 490 1497 naturam
518 1457 601 1494 suam
624 1434 802 1494 vivificatrix
825 1455 887 1493 esse
910 1456 982 1495 caro
1017 1439 1133 1516 poterit
1152 1433 1284 1496 hominirl
1336 1440 1340 1481 ἰ

250 1522 311 1583 Sed
335 1534 372 1581 ut
393 1543 463 1581 vere
487 1522 646 1601 propriam
668 1521 734 1599 ejus
756 1520 876 1595 laetam,
899 1521 951 1600 qui
979 1531 1111 1601 propter
1132 1541 1189 1581 nos
1222 1518 1284 1579 filiu
1336 1562 1340 1615 1.

250 1607 382 1668 hominis
404 1618 449 1664 est
465 1605 562 1663 sactus
584 1615 614 1662 et
639 1614 770 1663 vocatus.
1335 1630 1340 1661 .·

79 1694 242 1746 ueexpostoir
335 1692 363 1755 ⁴4.
407 1688 595 1746 SECUNDA
616 1688 724 1760 synod.
754 1687 819 1747 Nic.
850 1689 940 1748 actio.
964 1701 993 1755 6.
1022 1699 1096 1748 tom.
1126 1699 1170 1753 δη
1212 1684 1289 1745 Neno

77 1745 387 1851 iiirridri‘humnquam
412 1784 586 1830 sanctorum
615 1769 853 1850 Apostolorum,
888 1774 940 1851 qui
962 1771 1054 1830 tubae
1081 1783 1153 1863 sunt
1175 1771 1292 1852 Spiritu
1338 1804 1340 1815 ·

78 1842 220 1942 ξ’ζξζιῖἓζζξ.
255 1858 360 1931 sancti,
383 1867 434 1914 aut
456 1855 660 1935 gloriosorum
682 1866 805 1935 patrum
824 1866 1010 1930 nostrorum,
1028 1857 1220 1917 incruentum
1238 1873 1295 1912 nos·

39 1957 40 1960 ’
63 1934 337 2026 'gqgft‘gfl’fe‘j’trum
358 1935 539 1997 sacrificium
560 1939 591 1994 in
614 1939 787 1995 memoriam
808 1940 954 2018 passionis
977 1939 1089 1997 Christi
1114 1939 1235 1997 Domini
1252 1935 1297 1994 Dei

80 2035 155 2086 ipsum
168 2013 357 2096 ierumnostri,
381 2033 412 2080 ct
431 2022 525 2079 totius
546 2040 616 2079 suae
640 2019 873 2101 dispensationis
898 2021 1029 2094 factum,
1062 2024 1220 2101 imaginem
1241 2041 1298 2080 cor·

81 2094 173 2136 eorpus.
254 2111 339 2188 poris
353 2104 435 2164 illius
458 2102 574 2162 dixerit.
617 2103 692 2162 Nam
713 2106 747 2170 is,
769 2109 821 2185 qui
842 2108 958 2186 accepit
984 2104 1158 2181 aDomino‚
1174 2109 1227 2164 sic
1248 2124 1297 2163 nm

257 2190 332 2253 dicit
349 2201 402 2248 aut
423 2185 595 2262 confitetur,
617 2188 670 2246 sed
689 2187 816 2248 audiunt
840 2210 907 2248 cum
930 2190 972 2248 sic
997 2189 1145 2248 dicentem
1173 2188 1299 2271 Evange-

82 2281 221 2329 Jom.s‚sa
256 2274 334 2334 lice:
357 2273 423 2332 Nisi
445 2272 633 2331 comederitis
655 2291 773 2331 carnem
797 2271 854 2330 filii
874 2271 1013 2348 hominis,
1036 2285 1064 2331 et
1078 2272 1223 2332 biberitis
1246 2275 1303 2352 ejus

255 2359 440 2440 sauguinem,
464 2376 525 2414 non
544 2353 695 2435 intrabitis
714 2367 770 2415 etc.
793 2367 823 2414 et
835 2359 888 2437 qui
908 2357 1070 2416 manducat
1083 2369 1140 2416 etc.
1183 2357 1303 2417 Etcum

255 2445 418 2523 accepisset
445 2461 553 2522 panem
574 2450 604 2499 et
631 2440 741 2522 gratias
765 2442 881 2522 egisset,
903 2440 996 2522 fregit
1018 2451 1048 2498 et
1071 2441 1155 2499 dedit
1179 2438 1307 2521 discipu·

83 2521 244 2568 mmm·
256 2527 292 2586 lis
316 2529 388 2599 suis,
416 2536 447 2585 et
466 2525 542 2583 dixit
553 2547 569 2584 ε.
603 2525 742 2607 Accipite
764 2537 794 2583 et
818 2524 913 2583 edite:
955 2526 1023 2583 Hoc
1044 2536 1089 2583 est
1117 2544 1229 2605 corpus
1251 2543 1308 2581 me·
1331 2553 1333 2563 =

255 2631 315 2669 um.
359 2609 400 2667 Et
419 2620 543 2688 accepto
563 2607 656 2666 calice
676 2629 745 2666 eum
764 2610 873 2689 gratias
901 2611 1010 2689 egisset
1028 2618 1085 2666 etc.
1127 2609 1197 2666 Non
1216 2610 1340 2676 autem'

255 2692 346 2751 dixit:
390 2690 516 2765 Sumite,
547 2690 627 2749 edite
654 2691 811 2772 imaginem
836 2695 972 2772 corporis
1006 2693 1072 2749 mci.
1115 2692 1201 2766 Quin
1226 2694 1309 2750 etiam

216 2785 222 2792 “
253 2773 369 2836 Paulus
389 2774 508 2832 divinus
530 2770 713 2854 Apostolus,
735 2792 752 2831 e
777 2777 867 2832 sacris
886 2775 1007 2833 Domini
1031 2775 1131 2834 verbis
1155 2769 1305 2851 hauriens,

255 2859 350 2917 dixit:
392 2855 460 2938 Ego
479 2857 610 2936 accepia
631 2857 774 2930 Domino,
811 2857 895 2937 quod
915 2871 945 2916 et
971 2858 1084 2917 tradidi
1111 2870 1168 2939 etc.
1211 2859 1311 2942 Legas,

255 2958 416 3024 quousque
435 2939 528 3014 voles,
544 2959 708 3020 numquam
726 2941 873 3015 invenies,
894 2956 992 3022 neque
1016 2943 1193 3019 Dominum,
1215 2958 1311 3023 neque

254 3021 441 3105 Apostolos,
462 3043 560 3104 neque
579 3021 694 3098 Patres,
707 3025 899 3083 incruentum
917 3024 993 3084 illud
1013 3024 1206 3101 sacrificium,
1228 3020 1310 3107 quad

255 3129 274 3168 a
290 3105 445 3169 sacerdote
467 3106 604 3181 offertur,
628 3108 785 3190 imaginem
809 3108 936 3185 dixisse,
958 3129 1062 3169 verum
1082 3111 1182 3191 ipsum
1203 3126 1312 3192 corpus

254 3202 287 3252 et
306 3195 405 3274 ipsum
428 3193 615 3274 sanguinem.
667 3190 807 3251 Attamen
834 3203 904 3252 ante
928 3191 1173 3255 sanctificationis
1204 3213 1312 3254 conse-

254 3278 420 3337 crationem
447 3274 630 3356 quibusdam
641 3274 777 3356 patribus
798 3277 848 3356 pie
868 3296 937 3335 sane
959 3280 1054 3337 visum
1084 3287 1136 3352 est,
1156 3273 1311 3351 discisus,

82 3352 202 3444 uiompxar
255 3357 317 3419 hoc
337 3371 391 3434 est,
413 3359 563 3442 exemplar·
578 3359 684 3419 similis
703 3359 824 3419 formae.
837 3363 1003 3437 nominare,
1029 3380 1162 3440 quorum
1190 3361 1230 3420 de
1254 3380 1310 3419 nu·

36 3455 43 3465 '
82 3426 246 3479 'mmm'
256 3464 340 3502 mero
362 3442 550 3517 Eustatlrius,
571 3454 709 3503 constans
731 3445 755 3503 is
776 3457 990 3527 propugnator
1014 3444 1203 3504 orthodoxae
1230 3441 1309 3519 fidei,

84 3526 131 3559 '⁰’
166 3528 225 3556 ³⁰¹¹·
258 3538 288 3585 et
303 3525 475 3585 Arrianicae
491 3527 623 3587 insaniae
645 3539 834 3609 expugnator
850 3527 961 3604 clarus,
982 3529 1051 3589 item
1072 3526 1198 3587 Basilius
1226 3531 1308 3608 ejus·
1333 3544 1336 3561 ¹

80 3583 325 3679 llllllllillsdem
360 3609 581 3691 superstitionis
614 3621 847 3671 averruncetur:
882 3613 935 3692 qui
968 3621 1102 3694 apertam
1130 3624 1162 3672 et
1193 3611 1310 3693 planam

80 3682 237 3770 :moestuo-
256 3703 407 3752 rectorum
424 3705 454 3750 et
473 3692 673 3772 probatorum
699 3695 872 3779 dogmatum
893 3697 971 3753 viam
990 3695 1151 3775 docentes,
1169 3717 1233 3755 uno
1260 3710 1310 3754 ore

254 3786 285 3834 et
306 3777 416 3856 spiritu
435 3775 620 3855 loquuntur:
642 3778 694 3838 hic
716 3778 848 3859 quidem,
868 3799 1018 3858 exponens
1042 3777 1158 3836 dictum
1182 3777 1260 3838 illud
1281 3778 1311 3837 in

256 3857 430 3919 Proverbiis
451 3858 638 3921 Salomonis:
680 3856 770 3925 Edite
785 3883 882 3922 meum
902 3881 1011 3940 panem
1032 3874 1062 3920 et
1083 3861 1181 3922 bibite
1201 3865 1310 3939 vinum,

31 3938 34 3943 ’
79 3940 243 3999 'amdam
256 3941 340 4022 quod
362 3944 538 4009 commiscui
563 3945 665 4019 vobis,
687 3944 770 4008 haec
783 3947 900 4025 inquit:
942 3945 1003 4005 Pe'r
1032 3965 1139 4027 panem
1160 3957 1190 4006 et
1211 3948 1312 4006 vinum

254 4019 388 4083 divisura
416 4026 621 4089 membrorum
652 4029 857 4113 corporalium
885 4025 997 4089 Christi
1026 4029 1193 4110 praedicat
1255 4028 1312 4089 llla

253 4127 330 4171 vero
351 4130 386 4171 ex
405 4111 514 4179 eodem
535 4112 621 4173 fonte
638 4111 801 4188 hauriens,
823 4125 858 4172 ut
888 4134 991 4175 omnes
1012 4113 1176 4175 sacerdotii
1196 4124 1311 4189 mystae

253 4206 465 4278 cognoscunt,
499 4197 530 4257 in
566 4200 744 4279 precatione
764 4197 890 4259 divinae
917 4195 1093 4282 anaphoras
1121 4199 1179 4274 (ita
1198 4197 1310 4259 Graeci
