2790 4792
328 304 863 377 nncnnu1sr1s1s
1038 298 1142 413 tes

62 521 97 562 re
123 497 329 583 praedicando
352 499 500 576 verbnm,
524 495 612 577 quod
632 495 697 554 'suis
714 492 811 553 oculis
830 491 991 569 viderant,
1012 490 1299 568 intre-‚taqueum

65 582 182 644 mendis
210 596 241 644 et
270 584 433 667 impollutis
456 581 660 659 vitalibusque
687 577 909 654 sacramentis,
944 577 1120 636 memoriam
1131 557 1298 647 ffigssifflffl

64 666 200 745 eorum',
224 671 274 751 qui
290 667 417 730 fideliter
429 668 679 738 obdormierunt,
701 660 871 722 habendam
881 662 1040 722 edixerunt
1051 672 1120 738 eto,
1131 667 1301 746 &3¹:⁰¹2

65 763 102 810 nt
127 753 224 827 infra,
246 752 279 812 L.
300 766 328 820 4.
421 770 425 779 ·
613 743 621 753 ’
1131 755 1226 797 annuo.

152 849 178 902 1.
201 838 232 895 C.
274 832 477 897 lRENAEUS
498 832 532 890 L.
555 832 609 893 IV.
632 841 728 891 contr.
749 829 864 890 haeres.
896 849 965 913 cap.
985 843 1060 905 32,
1086 841 1124 891 ut

64 940 175 1003 supra,
195 920 227 980 B.
249 933 277 986 8.

150 1019 178 1071 2.
220 1001 417 1067 EUSEBIUS
440 999 613 1058 Caesareen.
634 998 668 1057 L.
690 999 714 1058 Ι.
737 998 774 1058 dc
788 997 955 1057 demonstr.
976 997 1124 1081 Evangc.

65 1101 130 1156 toa
165 1088 273 1170 Itaque
304 1099 376 1172 post
407 1085 526 1157 omnia,
560 1085 645 1163 quasi
670 1081 838 1142 mirabilem
862 1081 1013 1162 quandam
1036 1082 1126 1140 ricti-

63 1193 160 1249 mam,
194 1171 441 1249 sacrificiumque
478 1169 616 1226 eximium
646 1170 724 1249 patri
746 1186 802 1225 suo
826 1177 970 1247 operatus
990 1186 1047 1246 pro
1068 1184 1127 1222 no-

64 1268 126 1316 stra
153 1261 287 1317 omnium
312 1255 409 1314 salute
434 1249 565 1327 obtulit,
588 1253 718 1331 ejusque
735 1252 780 1309 rei
806 1251 996 1324 memoriam,
1016 1260 1052 1306 ut
1069 1265 1127 1305 nos

64 1341 121 1423 ipsi
157 1341 243 1400 DEO
278 1360 338 1421 pro
362 1331 512 1393 sacrificio
542 1333 720 1408 offeremus,
753 1335 893 1393 instituit.
949 1334 1017 1391 Hoc
1039 1332 1302 1410 etiamctrtunatoo

62 1424 286 1509 prophetarum
316 1419 487 1502 praecipuus
516 1418 637 1493 David,
672 1420 745 1499 qni,
776 1417 861 1499 quod
895 1416 1032 1474 futurum
1050 1399 1278 1489 eranfiffffiffissff¹¹

64 1509 176 1590 spiritu
191 1528 247 1564 suo
266 1505 372 1564 divino
388 1502 586 1583 praeviderat,
607 1505 787 1562 vaticinatus
813 1512 870 1573 est,
894 1499 949 1559 ubi
974 1501 1035 1560 ait:
1063 1498 1249 1557 Ex-P·³¹·³9·
1265 1501 1287 1544 ¹·

63 1603 207 1672 spectans
227 1587 393 1669 exspectavi
413 1585 598 1659 Dominum,
631 1599 662 1646 et
685 1587 812 1645 intendit
829 1583 924 1662 mihi,
958 1595 987 1643 et
1006 1582 1132 1644 exandi·

64 1677 111 1731 uit
139 1690 264 1753 precem
296 1690 416 1728 meam:
451 1682 480 1730 et
499 1669 621 1730 sustulit
654 1692 702 1730 me
728 1670 765 1729 de
789 1667 857 1729 lacu
877 1669 1066 1729 miscr'iae'et
1093 1667 1131 1726 de

65 1754 135 1814 luto
159 1754 271 1831 faecis,
304 1764 335 1812 et
364 1757 469 1814 statuit
489 1774 587 1836 ,snpra
615 1753 843 1837 petram'pcdes
864 1773 962 1828 meos,
992 1766 1023 1812 ct
1044 1753 1143 1812 dire-³

67 1841 114 1898 xit
135 1857 255 1920 gressus
278 1858 375 1896 meos:
407 1850 436 1913 et
453 1840 574 1898 immisit
596 1841 626 1897 in
651 1860 686 1899 os
711 1859 811 1898 meum
831 1841 983 1901 canticum
1003 1856 1128 1911 novum,

64 1941 188 1982 carmen
208 1920 273 1980 Deo
294 1934 411 1982 nostro.
454 1922 548 1998 Quod
573 1944 667 2004 porro
690 1922 805 1983 sithoc
834 1942 946 1982 novum
966 1924 1142 1995 canticum,'

44 2005 198 2075 ,declarat
220 2005 380 2088 deinceps,
403 2004 456 2064 nbi
476 2007 531 2066 ait:
555 2006 744 2067 Sacrificium
769 2021 799 2067 et
815 2007 1004 2067 oblationem
1022 2005 1128 2079 nolui-

64 2094 119 2165 sti,
146 2111 257 2173 corpus
276 2102 376 2149 antem
396 2091 550 2173 perfecisti
568 2092 662 2167 mihi,
684 2090 863 2151 holocausta
887 2102 917 2150 et
939 2113 997 2173 pro
1018 2108 1129 2172 pecca-

64 2185 97 2234 to
125 2194 187 2232 non
220 2174 383 2257 prohasti,
415 2168 489 2235 tunc
521 2175 599 2235 dixi:
632 2176 714 2234 Ecce
739 2177 836 2234 verrio.
879 2175 916 2233 ln
939 2176 1036 2256 capite
1055 2170 1130 2229 libri

66 2259 214 2340 scriptum
248 2271 291 2318 est
321 2259 359 2318 de
387 2280 451 2334 me,
490 2272 526 2318 ut
547 2260 679 2318 facerem
710 2260 794 2316 Deus
822 2257 1012 2317 voluntatem
1036 2266 1130 2326 tuam,
1184 2265 1189 2273 ·

65 2341 168 2401 volui:
189 2354 218 2400 ct
238 2343 394 2426 adjungite
425 2343 613 2402 Annuntiavi
637 2341 783 2419 justitiam
797 2341 829 2396 in
856 2336 991 2396 Ecclesia
1014 2352 1131 2417 magna.

66 2424 120 2484 sic.
149 2425 238 2507 plane
275 2427 386 2488 docens
417 2448 476 2509 pro
517 2426 651 2503 antiquis
684 2420 840 2482 sacrificiis
870 2432 900 2480 et
932 2416 1131 2494 holocaustis,

67 2508 229 2569 CHRISTI
267 2511 430 2572 adveutum
466 2528 524 2591 pcr
559 2507 793 2587 assumptionem
824 2502 947 2564 humani
978 2503 1130 2587 corporis,

68 2594 197 2675 ejusne
232 2616 345 2676 corpus
370 2592 563 2675 perfectum,
598 2591 666 2649 Deo
691 2586 829 2648 oblatum
859 2610 941 2666 csse,
971 2582 1132 2671 ipsumque

66 2675 126 2736 hoc
138 2614 302 2736 hicclesiac
325 2696 397 2735 suae
417 2676 538 2735 nuntiat
560 2695 628 2733 cum
648 2673 762 2758 gaudio
780 2686 922 2755 tanquam
946 2674 1049 2756 ingens
1062 2692 1132 2746 my·

67 2760 212 2835 sterium,
245 2760 331 2840 quod
355 2757 537 2842 prophetica
566 2779 641 2819 voce
662 2760 810 2840 incapite
832 2758 903 2818 libri
925 2740 1129 2841 prbpositnm,
1166 2766 1173 2774 ‘
1263 2744 1268 2753 ¹

67 2863 304 2927 expressumque
333 2843 380 2899 sit.
434 2843 537 2917 Quum
562 2864 636 2927 ergo
668 2841 762 2923 hujus
793 2842 935 2903 sacrificii
953 2843 1130 2914 memoriam

65 2928 161 3010 signis
181 2925 364 3005 quibusdam
389 2927 420 2985 in
445 2947 546 2986 mensa
570 2927 796 3002 celebrandam,
824 2926 1130 3008 ‘eorporisqneitem

64 3010 149 3070 illius
157 3052 166 3083 ,
188 3007 388 3089 salutarisque
412 3013 585 3094 sanguinis,
607 3023 641 3070 ut
662 3012 733 3071 novi
759 3010 930 3071 testamenti
955 3009 1130 3066 institutum

63 3090 180 3165 habet,
203 3095 426 3174 acceperimus,
449 3114 551 3154 rursus
569 3118 584 3155 a
607 3095 757 3179 propheta
774 3094 875 3163 David
894 3092 1075 3150 instruimur
1090 3089 1129 3149 ad
1139 3106 1249 3156 reuma,
1263 3111 1286 3158 a.

65 3175 244 3237 dicendum:
284 3176 398 3236 Parasti
424 3180 454 3235 in
478 3194 641 3261 conspectu
668 3200 735 3239 meo
758 3182 910 3251 mensam,
934 3184 1042 3233 contra
1065 3192 1127 3249 eos,
1204 3246 1209 3259 .

65 3263 119 3343 qui
144 3260 283 3343 affligunt
303 3282 368 3319 me:
406 3261 523 3343 Pingue
545 3266 642 3323 iecisti
656 3266 701 3322 ‘in
737 3262 805 3322 oleo
836 3272 927 3342 capnt
944 3277 1067 3330 meum,
1100 3268 1143 3316 et·

64 3345 141 3406 calix
172 3357 244 3405 tuus
273 3344 426 3404 inebrians
453 3366 542 3425 qnam
564 3349 849 3427 praestantissimus.
904 3343 1007 3403 Palam
1033 3342 1128 3423 igitur
1160 3362 1166 3369 ·

64 3426 157 3488 inhis
178 3431 334 3504 mysticam
363 3426 512 3513 significat
535 3424 705 3490 unctionem
727 3443 757 3488 et
780 3430 914 3489 odorum
934 3426 1127 3501 allcrentiam,
1171 3438 1174 3442 “

63 3532 182 3573 mensae
210 3512 321 3591 Christi
352 3511 525 3589 sacrificia,
558 3515 670 3593 quibus
692 3527 869 3599 operanteS,
897 3515 1070 3571 incruentas
1097 3518 1127 3568 et

65 3597 245 3669 rationales,
281 3603 370 3678 eique
404 3618 510 3657 suaves
546 3600 697 3674 victimas,
733 3601 765 3656 in
795 3609 861 3657 tota
899 3599 959 3655 vita
983 3614 1125 3676 supremo
1149 3605 1285 3665 incruente·

64 3679 131 3739 Deo
158 3679 288 3756 offerre,
309 3703 365 3765 pcr
381 3683 645 3741 eminentissimum
673 3684 805 3742 omnium
827 3682 919 3764 ipsius
940 3675 1123 3760 pontificem,
1136 3660 1299 3744 ilii'ssibiii.

65 3764 165 3825 edocti
189 3785 300 3825 sumus.
344 3766 412 3837 Hoc
436 3769 536 3849 ipsum
561 3785 683 3846 quoque
698 3765 850 3848 propheta
876 3764 978 3822 Esaias
997 3751 1298 3842 mirabi-tssgffl‘gff

64 3845 132 3906 liter
163 3848 265 3908 divino
298 3853 407 3932 spiritu
433 3851 585 3909 indicante
610 3848 764 3932 providit,
803 3861 832 3908 et
848 3858 1007 3927 antequam
1028 3845 1289 3947 lieret,ffi¹¹r'3·5¹⁰·¹·

63 3932 248 4073 predicavit.
292 3934 378 4015 Dicit
397 3935 490 4017 igitur
507 3937 569 3994 sic:
592 3933 723 3993 Domine
749 3935 832 3993 Deus
849 3951 949 4007 mens,
970 3928 1126 4013 glorifica·
1157 3914 1189 3942 ⁸'
1240 3927 1247 3941 ’

89 4034 107 4073 o
135 4029 186 4094 tc,
208 4015 341 4078 laudabo
357 4038 466 4078 nomen
484 4030 590 4095 tuum,
613 4019 757 4101 quoniam
777 4018 873 4078 fecisti
897 4018 945 4076 res
963 4014 1125 4077 mirabiles.

63 4096 108 4156 Et
124 4120 257 4180 quaenam
279 4102 326 4162 hae
349 4104 410 4162 sint
422 4124 469 4163 res
491 4103 667 4182 mirabiles,
700 4101 790 4185 plane
819 4102 961 4183 deinceps
983 4099 1126 4174 ostendit,

63 4180 184 4246 dicensi
212 4184 319 4250 Faciet
339 4187 489 4250 Dominus
510 4187 649 4252 Sabaoth
670 4187 842 4252 comitium
861 4184 1003 4252 omnibus
1027 4183 1127 4270 genti·
