<?xml version="1.0" encoding="UTF-8"?>
<!DOCTYPE html PUBLIC "-//W3C//DTD XHTML 1.0 Transitional//EN"
    "http://www.w3.org/TR/xhtml1/DTD/xhtml1-transitional.dtd">
<html xmlns="http://www.w3.org/1999/xhtml" xml:lang="en" lang="en">
 <head>
  <title>
</title>
<meta http-equiv="Content-Type" content="text/html;charset=utf-8" />
  <meta name='ocr-system' content='tesseract 3.04.00' />
  <meta name='ocr-capabilities' content='ocr_page ocr_carea ocr_par ocr_line ocrx_word'/>
</head>
<body>
  <div class='ocr_page' id='page_1' title='image "./summadoctrinaec01kanigoog_0086.png"; bbox 0 0 2790 4792; ppageno 0'>
   <div class='ocr_carea' id='block_1_1' title="bbox 424 238 1138 366">
    <p class='ocr_par' dir='ltr' id='par_1_1' title="bbox 424 238 1138 366">
     <span class='ocr_line' id='line_1_1' title="bbox 424 238 1138 366; baseline -0.013 -19"><span class='ocrx_word' id='word_1_1' title='bbox 424 239 790 347; x_wconf 75' lang='lat' dir='ltr'>narrts&#39;ur</span> <span class='ocrx_word' id='word_1_2' title='bbox 876 352 879 356; x_wconf 49' lang='grc'>,</span> <span class='ocrx_word' id='word_1_3' title='bbox 1040 238 1138 366; x_wconf 60' lang='lat'>&#39;07</span> 
     </span>
    </p>
   </div>
   <div class='ocr_carea' id='block_1_2' title="bbox 10 471 1311 4166">
    <p class='ocr_par' dir='ltr' id='par_1_2' title="bbox 68 471 1206 644">
     <span class='ocr_line' id='line_1_2' title="bbox 68 471 1206 556; baseline -0.002 -18"><span class='ocrx_word' id='word_1_4' title='bbox 68 478 172 538; x_wconf 83' lang='lat' dir='ltr'>centia</span> <span class='ocrx_word' id='word_1_5' title='bbox 203 476 326 552; x_wconf 80' lang='lat' dir='ltr'>carnis,</span> <span class='ocrx_word' id='word_1_6' title='bbox 358 471 469 534; x_wconf 89' lang='lat' dir='ltr'>etiamsi</span> <span class='ocrx_word' id='word_1_7' title='bbox 491 481 620 532; x_wconf 87' lang='lat' dir='ltr'>vocatur</span> <span class='ocrx_word' id='word_1_8' title='bbox 639 478 818 550; x_wconf 88' lang='lat' dir='ltr'>peccatum,</span> <span class='ocrx_word' id='word_1_9' title='bbox 837 487 901 530; x_wconf 88' lang='lat' dir='ltr'>nou</span> <span class='ocrx_word' id='word_1_10' title='bbox 921 472 1040 556; x_wconf 78' lang='lat' dir='ltr'>utique,</span> <span class='ocrx_word' id='word_1_11' title='bbox 1064 475 1135 556; x_wconf 89' lang='lat' dir='ltr'>qnia</span> <span class='ocrx_word' id='word_1_12' title='bbox 1203 477 1206 482; x_wconf 83' lang='lat'>&#39;</span> 
     </span>
     <span class='ocr_line' id='line_1_3' title="bbox 69 553 1136 644; baseline 0.001 -26"><span class='ocrx_word' id='word_1_13' title='bbox 69 572 234 644; x_wconf 89' lang='lat' dir='ltr'>peccatum</span> <span class='ocrx_word' id='word_1_14' title='bbox 255 571 319 635; x_wconf 88' lang='lat' dir='ltr'>est,</span> <span class='ocrx_word' id='word_1_15' title='bbox 340 558 392 617; x_wconf 83' lang='lat' dir='ltr'>sed</span> <span class='ocrx_word' id='word_1_16' title='bbox 413 557 490 640; x_wconf 86' lang='lat' dir='ltr'>quia·</span> <span class='ocrx_word' id='word_1_17' title='bbox 504 565 634 638; x_wconf 88' lang='lat' dir='ltr'>peccato</span> <span class='ocrx_word' id='word_1_18' title='bbox 656 553 737 612; x_wconf 88' lang='lat' dir='ltr'>facta</span> <span class='ocrx_word' id='word_1_19' title='bbox 758 562 819 628; x_wconf 87' lang='lat' dir='ltr'>cst,</span> <span class='ocrx_word' id='word_1_20' title='bbox 841 556 884 614; x_wconf 85' lang='lat' dir='ltr'>sic</span> <span class='ocrx_word' id='word_1_21' title='bbox 904 571 1043 632; x_wconf 84' lang='lat' dir='ltr'>vocatur,</span> <span class='ocrx_word' id='word_1_22' title='bbox 1075 560 1136 619; x_wconf 86' lang='lat' dir='ltr'>sic·</span> 
     </span>
    </p>

    <p class='ocr_par' dir='ltr' id='par_1_3' title="bbox 72 636 1294 970">
     <span class='ocr_line' id='line_1_4' title="bbox 74 636 1135 725; baseline -0.001 -21"><span class='ocrx_word' id='word_1_23' title='bbox 74 657 109 704; x_wconf 91' lang='lat' dir='ltr'>ut</span> <span class='ocrx_word' id='word_1_24' title='bbox 131 646 285 725; x_wconf 89' lang='lat' dir='ltr'>scriptura</span> <span class='ocrx_word' id='word_1_25' title='bbox 303 643 572 721; x_wconf 86' lang='lat' dir='ltr'>manns-cujusquo</span> <span class='ocrx_word' id='word_1_26' title='bbox 594 637 727 709; x_wconf 89' lang='lat' dir='ltr'>dicitur,</span> <span class='ocrx_word' id='word_1_27' title='bbox 761 636 846 716; x_wconf 91' lang='lat' dir='ltr'>quod</span> <span class='ocrx_word' id='word_1_28' title='bbox 867 660 973 701; x_wconf 86' lang='lat' dir='ltr'>manus</span> <span class='ocrx_word' id='word_1_29' title='bbox 996 664 1059 702; x_wconf 90' lang='lat' dir='ltr'>eam</span> <span class='ocrx_word' id='word_1_30' title='bbox 1086 643 1135 702; x_wconf 87' lang='lat' dir='ltr'>fe-</span> 
     </span>
     <span class='ocr_line' id='line_1_5' title="bbox 74 711 1294 809; baseline 0.001 -22"><span class='ocrx_word' id='word_1_31' title='bbox 74 730 165 787; x_wconf 72' lang='lat' dir='ltr'>cerit:</span> <span class='ocrx_word' id='word_1_32' title='bbox 185 739 309 809; x_wconf 85' lang='lat' dir='ltr'>peccata</span> <span class='ocrx_word' id='word_1_33' title='bbox 327 739 424 786; x_wconf 85' lang='lat' dir='ltr'>autem</span> <span class='ocrx_word' id='word_1_34' title='bbox 444 735 534 799; x_wconf 90' lang='lat' dir='ltr'>sunt,</span> <span class='ocrx_word' id='word_1_35' title='bbox 558 742 637 802; x_wconf 89' lang='lat' dir='ltr'>quae</span> <span class='ocrx_word' id='word_1_36' title='bbox 658 711 824 778; x_wconf 85' lang='lat' dir='ltr'>secundum</span> <span class='ocrx_word' id='word_1_37' title='bbox 852 727 947 784; x_wconf 89' lang='lat' dir='ltr'>carnis</span> <span class='ocrx_word' id='word_1_38' title='bbox 967 729 1235 809; x_wconf 63' lang='lat' dir='ltr'>concupis-reeens</span> <span class='ocrx_word' id='word_1_39' title='bbox 1255 747 1294 790; x_wconf 58' lang='lat' dir='ltr'>a..</span> 
     </span>
     <span class='ocr_line' id='line_1_6' title="bbox 73 797 1248 895; baseline -0.002 -22"><span class='ocrx_word' id='word_1_40' title='bbox 73 813 203 872; x_wconf 84' lang='lat' dir='ltr'><strong>centiam</strong></span> <span class='ocrx_word' id='word_1_41' title='bbox 224 810 269 870; x_wconf 88' lang='lat' dir='ltr'>vel</span> <span class='ocrx_word' id='word_1_42' title='bbox 303 811 506 894; x_wconf 80' lang='lat' dir='ltr'><strong>ignorantiam</strong></span> <span class='ocrx_word' id='word_1_43' title='bbox 539 805 646 864; x_wconf 82' lang='lat' dir='ltr'>illicite</span> <span class='ocrx_word' id='word_1_44' title='bbox 667 802 765 889; x_wconf 85' lang='lat' dir='ltr'>liunt,</span> <span class='ocrx_word' id='word_1_45' title='bbox 798 802 958 885; x_wconf 83' lang='lat' dir='ltr'>dicuntur,</span> <span class='ocrx_word' id='word_1_46' title='bbox 992 797 1248 895; x_wconf 62' lang='lat' dir='ltr'>cogitatu-⁸⁰”l‘l0‘</span> 
     </span>
     <span class='ocr_line' id='line_1_7' title="bbox 72 889 1132 970; baseline 0 -15"><span class='ocrx_word' id='word_1_47' title='bbox 72 908 137 955; x_wconf 88' lang='lat' dir='ltr'>tur.</span> <span class='ocrx_word' id='word_1_48' title='bbox 182 895 266 970; x_wconf 86' lang='lat' dir='ltr'>Quae</span> <span class='ocrx_word' id='word_1_49' title='bbox 286 900 440 955; x_wconf 62' lang='lat' dir='ltr'>mansuem</span> <span class='ocrx_word' id='word_1_50' title='bbox 459 893 549 967; x_wconf 79' lang='lat' dir='ltr'>etiam</span> <span class='ocrx_word' id='word_1_51' title='bbox 570 908 641 946; x_wconf 89' lang='lat' dir='ltr'>reos</span> <span class='ocrx_word' id='word_1_52' title='bbox 660 898 773 958; x_wconf 87' lang='lat' dir='ltr'>tenent,</span> <span class='ocrx_word' id='word_1_53' title='bbox 800 889 826 945; x_wconf 90' lang='lat' dir='ltr'>si</span> <span class='ocrx_word' id='word_1_54' title='bbox 847 910 908 948; x_wconf 92' lang='lat' dir='ltr'>uon</span> <span class='ocrx_word' id='word_1_55' title='bbox 930 897 1132 956; x_wconf 78' lang='lat' dir='ltr'>remittantur.</span> 
     </span>
    </p>

    <p class='ocr_par' dir='ltr' id='par_1_4' title="bbox 71 970 1136 1061">
     <span class='ocr_line' id='line_1_8' title="bbox 71 970 1136 1061; baseline 0.001 -23"><span class='ocrx_word' id='word_1_56' title='bbox 71 979 113 1039; x_wconf 86' lang='lat' dir='ltr'>Et</span> <span class='ocrx_word' id='word_1_57' title='bbox 139 980 196 1038; x_wconf 88' lang='lat' dir='ltr'>ista</span> <span class='ocrx_word' id='word_1_58' title='bbox 221 981 287 1061; x_wconf 89' lang='lat' dir='ltr'>ipsa</span> <span class='ocrx_word' id='word_1_59' title='bbox 309 981 409 1039; x_wconf 88' lang='lat' dir='ltr'>carnis</span> <span class='ocrx_word' id='word_1_60' title='bbox 435 973 684 1054; x_wconf 86' lang='lat' dir='ltr'>concupiscentia</span> <span class='ocrx_word' id='word_1_61' title='bbox 709 974 741 1028; x_wconf 93' lang='lat' dir='ltr'>in</span> <span class='ocrx_word' id='word_1_62' title='bbox 763 970 914 1052; x_wconf 89' lang='lat' dir='ltr'>baptismo</span> <span class='ocrx_word' id='word_1_63' title='bbox 940 979 983 1036; x_wconf 91' lang='lat' dir='ltr'>sic</span> <span class='ocrx_word' id='word_1_64' title='bbox 1006 979 1136 1039; x_wconf 89' lang='lat' dir='ltr'>dimitti-</span> 
     </span>
    </p>

    <p class='ocr_par' dir='ltr' id='par_1_5' title="bbox 69 1056 1140 1390">
     <span class='ocr_line' id='line_1_9' title="bbox 70 1056 1136 1144; baseline 0.001 -22"><span class='ocrx_word' id='word_1_65' title='bbox 70 1075 145 1137; x_wconf 87' lang='lat' dir='ltr'>tur,</span> <span class='ocrx_word' id='word_1_66' title='bbox 178 1073 222 1139; x_wconf 87' lang='lat' dir='ltr'>ut,</span> <span class='ocrx_word' id='word_1_67' title='bbox 245 1083 432 1144; x_wconf 87' lang='lat' dir='ltr'>quamquam</span> <span class='ocrx_word' id='word_1_68' title='bbox 454 1070 554 1118; x_wconf 87' lang='lat' dir='ltr'>tracta</span> <span class='ocrx_word' id='word_1_69' title='bbox 580 1058 619 1114; x_wconf 91' lang='lat' dir='ltr'>sit</span> <span class='ocrx_word' id='word_1_70' title='bbox 640 1075 657 1112; x_wconf 83' lang='lat' dir='ltr'>a</span> <span class='ocrx_word' id='word_1_71' title='bbox 683 1056 876 1115; x_wconf 87' lang='lat' dir='ltr'>nascentibus</span> <span class='ocrx_word' id='word_1_72' title='bbox 888 1078 913 1133; x_wconf 87' lang='lat'>,·</span> <span class='ocrx_word' id='word_1_73' title='bbox 930 1061 1008 1120; x_wconf 90' lang='lat' dir='ltr'>nihil</span> <span class='ocrx_word' id='word_1_74' title='bbox 1025 1075 1136 1124; x_wconf 85' lang='lat' dir='ltr'>noceat</span> 
     </span>
     <span class='ocr_line' id='line_1_10' title="bbox 69 1136 1135 1228; baseline 0.001 -23"><span class='ocrx_word' id='word_1_75' title='bbox 69 1147 305 1206; x_wconf 81' lang='lat' dir='ltr'>renascentibus.</span> <span class='ocrx_word' id='word_1_76' title='bbox 349 1147 396 1205; x_wconf 89' lang='lat' dir='ltr'>Ex</span> <span class='ocrx_word' id='word_1_77' title='bbox 412 1141 528 1225; x_wconf 89' lang='lat' dir='ltr'>quibus</span> <span class='ocrx_word' id='word_1_78' title='bbox 547 1151 646 1198; x_wconf 90' lang='lat' dir='ltr'>tamen</span> <span class='ocrx_word' id='word_1_79' title='bbox 662 1140 687 1197; x_wconf 89' lang='lat' dir='ltr'>si</span> <span class='ocrx_word' id='word_1_80' title='bbox 707 1136 788 1196; x_wconf 89' lang='lat' dir='ltr'>filios</span> <span class='ocrx_word' id='word_1_81' title='bbox 809 1142 976 1202; x_wconf 55' lang='lat' dir='ltr'>vcarnaliter</span> <span class='ocrx_word' id='word_1_82' title='bbox 998 1147 1135 1228; x_wconf 86' lang='lat' dir='ltr'>gignunt,</span> 
     </span>
     <span class='ocr_line' id='line_1_11' title="bbox 70 1224 1138 1305; baseline -0.003 -15"><span class='ocrx_word' id='word_1_83' title='bbox 70 1250 178 1290; x_wconf 86' lang='lat' dir='ltr'>rursus</span> <span class='ocrx_word' id='word_1_84' title='bbox 208 1231 362 1305; x_wconf 83' lang='lat' dir='ltr'>trahitur,</span> <span class='ocrx_word' id='word_1_85' title='bbox 400 1232 569 1303; x_wconf 82' lang='lat' dir='ltr'>rursusque</span> <span class='ocrx_word' id='word_1_86' title='bbox 597 1233 627 1281; x_wconf 90' lang='lat' dir='ltr'>et</span> <span class='ocrx_word' id='word_1_87' title='bbox 641 1224 790 1281; x_wconf 83' lang='lat' dir='ltr'>nocitura</span> <span class='ocrx_word' id='word_1_88' title='bbox 822 1227 1036 1303; x_wconf 86' lang='lat' dir='ltr'>nascentibus,</span> <span class='ocrx_word' id='word_1_89' title='bbox 1073 1231 1138 1287; x_wconf 86' lang='lat' dir='ltr'>nisi</span> 
     </span>
     <span class='ocr_line' id='line_1_12' title="bbox 70 1306 1140 1390; baseline -0.006 -16"><span class='ocrx_word' id='word_1_90' title='bbox 70 1313 173 1374; x_wconf 87' lang='lat' dir='ltr'>eadem</span> <span class='ocrx_word' id='word_1_91' title='bbox 197 1314 314 1390; x_wconf 80' lang='lat' dir='ltr'>forma,</span> <span class='ocrx_word' id='word_1_92' title='bbox 335 1306 564 1370; x_wconf 86' lang='lat' dir='ltr'>renascentibus</span> <span class='ocrx_word' id='word_1_93' title='bbox 587 1307 778 1378; x_wconf 84' lang='lat' dir='ltr'>remittatur,</span> <span class='ocrx_word' id='word_1_94' title='bbox 803 1317 833 1364; x_wconf 91' lang='lat' dir='ltr'>et</span> <span class='ocrx_word' id='word_1_95' title='bbox 856 1309 927 1368; x_wconf 88' lang='lat' dir='ltr'>insit</span> <span class='ocrx_word' id='word_1_96' title='bbox 945 1309 1022 1368; x_wconf 91' lang='lat' dir='ltr'>nihil</span> <span class='ocrx_word' id='word_1_97' title='bbox 1044 1310 1140 1369; x_wconf 83' lang='lat' dir='ltr'>oblu-</span> 
     </span>
    </p>

    <p class='ocr_par' dir='ltr' id='par_1_6' title="bbox 44 1391 1140 1811">
     <span class='ocr_line' id='line_1_13' title="bbox 69 1391 1139 1472; baseline -0.005 -14"><span class='ocrx_word' id='word_1_98' title='bbox 69 1409 138 1458; x_wconf 87' lang='lat' dir='ltr'>tura</span> <span class='ocrx_word' id='word_1_99' title='bbox 155 1401 234 1457; x_wconf 81' lang='lat' dir='ltr'>ritae</span> <span class='ocrx_word' id='word_1_100' title='bbox 254 1399 401 1466; x_wconf 84' lang='lat' dir='ltr'>futurae,</span> <span class='ocrx_word' id='word_1_101' title='bbox 424 1396 568 1472; x_wconf 89' lang='lat' dir='ltr'>quoniam</span> <span class='ocrx_word' id='word_1_102' title='bbox 588 1401 690 1449; x_wconf 89' lang='lat' dir='ltr'>reatus</span> <span class='ocrx_word' id='word_1_103' title='bbox 706 1391 777 1469; x_wconf 86' lang='lat' dir='ltr'>ejus</span> <span class='ocrx_word' id='word_1_104' title='bbox 795 1394 988 1471; x_wconf 80' lang='lat' dir='ltr'>generatione</span> <span class='ocrx_word' id='word_1_105' title='bbox 1015 1405 1139 1471; x_wconf 88' lang='lat' dir='ltr'>tractus,</span> 
     </span>
     <span class='ocr_line' id='line_1_14' title="bbox 70 1473 1140 1565; baseline -0.005 -25"><span class='ocrx_word' id='word_1_106' title='bbox 70 1483 305 1565; x_wconf 84' lang='lat' dir='ltr'>regeneratione</span> <span class='ocrx_word' id='word_1_107' title='bbox 336 1477 478 1534; x_wconf 83' lang='lat' dir='ltr'>dimissus</span> <span class='ocrx_word' id='word_1_108' title='bbox 500 1483 551 1532; x_wconf 90' lang='lat' dir='ltr'>est.</span> <span class='ocrx_word' id='word_1_109' title='bbox 594 1475 638 1533; x_wconf 86' lang='lat' dir='ltr'>Et</span> <span class='ocrx_word' id='word_1_110' title='bbox 663 1473 733 1531; x_wconf 91' lang='lat' dir='ltr'>ideo</span> <span class='ocrx_word' id='word_1_111' title='bbox 748 1475 810 1553; x_wconf 88' lang='lat' dir='ltr'>jam</span> <span class='ocrx_word' id='word_1_112' title='bbox 833 1495 893 1534; x_wconf 89' lang='lat' dir='ltr'>uon</span> <span class='ocrx_word' id='word_1_113' title='bbox 915 1479 953 1535; x_wconf 90' lang='lat' dir='ltr'>sit</span> <span class='ocrx_word' id='word_1_114' title='bbox 970 1490 1140 1559; x_wconf 91' lang='lat' dir='ltr'>peccatum,</span> 
     </span>
     <span class='ocr_line' id='line_1_15' title="bbox 44 1557 1140 1643; baseline -0.004 -18"><span class='ocrx_word' id='word_1_115' title='bbox 44 1566 124 1635; x_wconf 81' lang='lat' dir='ltr'>,sed</span> <span class='ocrx_word' id='word_1_116' title='bbox 155 1567 200 1625; x_wconf 91' lang='lat' dir='ltr'>sic</span> <span class='ocrx_word' id='word_1_117' title='bbox 226 1570 376 1633; x_wconf 81' lang='lat' dir='ltr'>vocetur,</span> <span class='ocrx_word' id='word_1_118' title='bbox 404 1559 465 1616; x_wconf 89' lang='lat' dir='ltr'>sive</span> <span class='ocrx_word' id='word_1_119' title='bbox 490 1557 576 1637; x_wconf 90' lang='lat' dir='ltr'>quod</span> <span class='ocrx_word' id='word_1_120' title='bbox 605 1568 736 1639; x_wconf 89' lang='lat' dir='ltr'>peccato</span> <span class='ocrx_word' id='word_1_121' title='bbox 765 1558 846 1616; x_wconf 86' lang='lat' dir='ltr'>facta</span> <span class='ocrx_word' id='word_1_122' title='bbox 867 1561 926 1635; x_wconf 92' lang='lat' dir='ltr'>sit,</span> <span class='ocrx_word' id='word_1_123' title='bbox 960 1564 1022 1619; x_wconf 87' lang='lat' dir='ltr'>sive</span> <span class='ocrx_word' id='word_1_124' title='bbox 1054 1562 1140 1643; x_wconf 88' lang='lat' dir='ltr'>quod</span> 
     </span>
     <span class='ocr_line' id='line_1_16' title="bbox 68 1641 1140 1732; baseline 0 -25"><span class='ocrx_word' id='word_1_125' title='bbox 68 1647 225 1732; x_wconf 89' lang='lat' dir='ltr'>peccandi</span> <span class='ocrx_word' id='word_1_126' title='bbox 260 1641 459 1723; x_wconf 85' lang='lat' dir='ltr'>delectatione</span> <span class='ocrx_word' id='word_1_127' title='bbox 494 1652 665 1717; x_wconf 86' lang='lat' dir='ltr'>moveatur,</span> <span class='ocrx_word' id='word_1_128' title='bbox 699 1643 752 1700; x_wconf 90' lang='lat' dir='ltr'>etsi</span> <span class='ocrx_word' id='word_1_129' title='bbox 781 1644 828 1716; x_wconf 90' lang='lat' dir='ltr'>ei,</span> <span class='ocrx_word' id='word_1_130' title='bbox 852 1644 989 1704; x_wconf 83' lang='lat' dir='ltr'>vincento</span> <span class='ocrx_word' id='word_1_131' title='bbox 1010 1645 1140 1707; x_wconf 86' lang='lat' dir='ltr'>delecta-</span> 
     </span>
     <span class='ocr_line' id='line_1_17' title="bbox 67 1725 1136 1811; baseline 0.001 -21"><span class='ocrx_word' id='word_1_132' title='bbox 67 1735 160 1791; x_wconf 87' lang='lat' dir='ltr'>tione</span> <span class='ocrx_word' id='word_1_133' title='bbox 176 1727 315 1807; x_wconf 81' lang='lat' dir='ltr'>justitlac</span> <span class='ocrx_word' id='word_1_134' title='bbox 326 1726 339 1800; x_wconf 87' lang='lat'>,&#39;</span> <span class='ocrx_word' id='word_1_135' title='bbox 357 1744 417 1784; x_wconf 91' lang='lat' dir='ltr'>non</span> <span class='ocrx_word' id='word_1_136' title='bbox 436 1727 648 1784; x_wconf 87' lang='lat' dir='ltr'>consentiatur.</span> <span class='ocrx_word' id='word_1_137' title='bbox 674 1725 753 1784; x_wconf 88' lang='lat' dir='ltr'>·Nec</span> <span class='ocrx_word' id='word_1_138' title='bbox 773 1738 904 1808; x_wconf 81' lang='lat' dir='ltr'>propter</span> <span class='ocrx_word' id='word_1_139' title='bbox 916 1729 1022 1810; x_wconf 83' lang='lat' dir='ltr'>ipsam,</span> <span class='ocrx_word' id='word_1_140' title='bbox 1045 1733 1136 1811; x_wconf 91' lang='lat' dir='ltr'>cujus</span> 
     </span>
    </p>

    <p class='ocr_par' dir='ltr' id='par_1_7' title="bbox 67 1805 1302 2148">
     <span class='ocr_line' id='line_1_18' title="bbox 67 1805 1136 1895; baseline 0.004 -24"><span class='ocrx_word' id='word_1_141' title='bbox 67 1817 139 1895; x_wconf 85' lang='lat' dir='ltr'>jam</span> <span class='ocrx_word' id='word_1_142' title='bbox 168 1820 267 1870; x_wconf 91' lang='lat' dir='ltr'>reatus</span> <span class='ocrx_word' id='word_1_143' title='bbox 294 1808 412 1868; x_wconf 79' lang='lat' dir='ltr'>lavacro</span> <span class='ocrx_word' id='word_1_144' title='bbox 439 1811 670 1890; x_wconf 81' lang='lat' dir='ltr'>regenerationis</span> <span class='ocrx_word' id='word_1_145' title='bbox 687 1805 870 1892; x_wconf 51' lang='lat' dir='ltr'>¹absumptus</span> <span class='ocrx_word' id='word_1_146' title='bbox 894 1825 955 1888; x_wconf 88' lang='lat' dir='ltr'>est,</span> <span class='ocrx_word' id='word_1_147' title='bbox 982 1813 1136 1875; x_wconf 81' lang='lat' dir='ltr'>dicuntia</span> 
     </span>
     <span class='ocr_line' id='line_1_19' title="bbox 69 1892 1302 1974; baseline 0.004 -17"><span class='ocrx_word' id='word_1_148' title='bbox 69 1898 218 1957; x_wconf 88' lang='lat' dir='ltr'>oratione</span> <span class='ocrx_word' id='word_1_149' title='bbox 249 1893 409 1974; x_wconf 86' lang='lat' dir='ltr'>baptizati:</span> <span class='ocrx_word' id='word_1_150' title='bbox 446 1892 571 1951; x_wconf 86' lang='lat' dir='ltr'>Dimitte</span> <span class='ocrx_word' id='word_1_151' title='bbox 597 1893 687 1952; x_wconf 89' lang='lat' dir='ltr'>nobis</span> <span class='ocrx_word' id='word_1_152' title='bbox 717 1892 821 1954; x_wconf 89' lang='lat' dir='ltr'>debita</span> <span class='ocrx_word' id='word_1_153' title='bbox 849 1907 974 1972; x_wconf 90' lang='lat' dir='ltr'>nostra,</span> <span class='ocrx_word' id='word_1_154' title='bbox 1006 1901 1302 1974; x_wconf 74' lang='lat' dir='ltr'>sicutetitant.t,12,</span> 
     </span>
     <span class='ocr_line' id='line_1_20' title="bbox 70 1976 1134 2065; baseline 0.002 -23"><span class='ocrx_word' id='word_1_155' title='bbox 70 2002 131 2042; x_wconf 90' lang='lat' dir='ltr'>nos</span> <span class='ocrx_word' id='word_1_156' title='bbox 165 1979 344 2038; x_wconf 86' lang='lat' dir='ltr'>dimittimus</span> <span class='ocrx_word' id='word_1_157' title='bbox 367 1976 558 2036; x_wconf 83' lang='lat' dir='ltr'>debitoribus</span> <span class='ocrx_word' id='word_1_158' title='bbox 591 1978 722 2037; x_wconf 89' lang='lat' dir='ltr'>nostris:</span> <span class='ocrx_word' id='word_1_159' title='bbox 754 1978 808 2037; x_wconf 90' lang='lat' dir='ltr'>sed</span> <span class='ocrx_word' id='word_1_160' title='bbox 842 1993 972 2063; x_wconf 88' lang='lat' dir='ltr'>propter</span> <span class='ocrx_word' id='word_1_161' title='bbox 998 1996 1134 2065; x_wconf 87' lang='lat' dir='ltr'>peecata,</span> 
     </span>
     <span class='ocr_line' id='line_1_21' title="bbox 72 2060 1137 2148; baseline 0.003 -24"><span class='ocrx_word' id='word_1_162' title='bbox 72 2085 153 2146; x_wconf 88' lang='lat' dir='ltr'>quae</span> <span class='ocrx_word' id='word_1_163' title='bbox 181 2060 279 2138; x_wconf 90' lang='lat' dir='ltr'>fiunt,</span> <span class='ocrx_word' id='word_1_164' title='bbox 310 2062 373 2122; x_wconf 84' lang='lat' dir='ltr'>slve</span> <span class='ocrx_word' id='word_1_165' title='bbox 394 2064 425 2121; x_wconf 92' lang='lat' dir='ltr'>in</span> <span class='ocrx_word' id='word_1_166' title='bbox 445 2061 509 2141; x_wconf 90' lang='lat' dir='ltr'>ejus</span> <span class='ocrx_word' id='word_1_167' title='bbox 523 2061 774 2121; x_wconf 89' lang='lat' dir='ltr'>consensionibus</span> <span class='ocrx_word' id='word_1_168' title='bbox 798 2084 866 2123; x_wconf 87' lang='lat' dir='ltr'>eum</span> <span class='ocrx_word' id='word_1_169' title='bbox 887 2065 925 2123; x_wconf 89' lang='lat' dir='ltr'>ab</span> <span class='ocrx_word' id='word_1_170' title='bbox 950 2086 986 2125; x_wconf 92' lang='lat' dir='ltr'>eo</span> <span class='ocrx_word' id='word_1_171' title='bbox 1010 2069 1137 2148; x_wconf 89' lang='lat' dir='ltr'>quodli-</span> 
     </span>
    </p>

    <p class='ocr_par' dir='ltr' id='par_1_8' title="bbox 72 2144 1137 2232">
     <span class='ocr_line' id='line_1_22' title="bbox 72 2144 1137 2232; baseline 0.004 -24"><span class='ocrx_word' id='word_1_172' title='bbox 72 2150 128 2208; x_wconf 92' lang='lat' dir='ltr'>bet</span> <span class='ocrx_word' id='word_1_173' title='bbox 161 2147 311 2224; x_wconf 77' lang='lat' dir='ltr'>rincitur,</span> <span class='ocrx_word' id='word_1_174' title='bbox 341 2144 426 2226; x_wconf 89' lang='lat' dir='ltr'>quod</span> <span class='ocrx_word' id='word_1_175' title='bbox 456 2145 568 2227; x_wconf 87' lang='lat' dir='ltr'>placet,</span> <span class='ocrx_word' id='word_1_176' title='bbox 603 2147 665 2204; x_wconf 87' lang='lat' dir='ltr'>sive</span> <span class='ocrx_word' id='word_1_177' title='bbox 686 2166 756 2205; x_wconf 91' lang='lat' dir='ltr'>cum</span> <span class='ocrx_word' id='word_1_178' title='bbox 772 2167 830 2229; x_wconf 87' lang='lat' dir='ltr'>per</span> <span class='ocrx_word' id='word_1_179' title='bbox 849 2150 1053 2232; x_wconf 81' lang='lat' dir='ltr'>ignorantiam</span> <span class='ocrx_word' id='word_1_180' title='bbox 1071 2173 1137 2212; x_wconf 86' lang='lat' dir='ltr'>ma-</span> 
     </span>
    </p>

    <p class='ocr_par' dir='ltr' id='par_1_9' title="bbox 75 2228 856 2313">
     <span class='ocr_line' id='line_1_23' title="bbox 75 2228 856 2313; baseline -0.008 -22"><span class='ocrx_word' id='word_1_181' title='bbox 75 2232 142 2291; x_wconf 91' lang='lat' dir='ltr'>lum</span> <span class='ocrx_word' id='word_1_182' title='bbox 163 2232 249 2312; x_wconf 88' lang='lat' dir='ltr'>quasi</span> <span class='ocrx_word' id='word_1_183' title='bbox 269 2230 386 2288; x_wconf 89' lang='lat' dir='ltr'>bonum</span> <span class='ocrx_word' id='word_1_184' title='bbox 408 2228 517 2313; x_wconf 89' lang='lat' dir='ltr'>placet.</span> <span class='ocrx_word' id='word_1_185' title='bbox 715 2270 720 2281; x_wconf 65' lang='lat'>.</span> <span class='ocrx_word' id='word_1_186' title='bbox 853 2238 856 2244; x_wconf 87' lang='lat'>&#39;</span> 
     </span>
    </p>

    <p class='ocr_par' dir='ltr' id='par_1_10' title="bbox 10 2311 1311 3474">
     <span class='ocr_line' id='line_1_24' title="bbox 160 2311 1310 2394; baseline 0.003 -22"><span class='ocrx_word' id='word_1_187' title='bbox 160 2327 188 2380; x_wconf 72' lang='lat'>5.</span> <span class='ocrx_word' id='word_1_188' title='bbox 229 2314 333 2374; x_wconf 84' lang='lat' dir='ltr'><strong>ITEM</strong></span> <span class='ocrx_word' id='word_1_189' title='bbox 364 2314 397 2372; x_wconf 89' lang='lat' dir='ltr'>L.</span> <span class='ocrx_word' id='word_1_190' title='bbox 426 2315 450 2372; x_wconf 91' lang='lat'>1.</span> <span class='ocrx_word' id='word_1_191' title='bbox 484 2314 617 2372; x_wconf 89' lang='lat' dir='ltr'>Retraot.</span> <span class='ocrx_word' id='word_1_192' title='bbox 648 2332 674 2370; x_wconf 90' lang='lat' dir='ltr'>c.</span> <span class='ocrx_word' id='word_1_193' title='bbox 699 2324 765 2377; x_wconf 77' lang='lat'>15.=</span> <span class='ocrx_word' id='word_1_194' title='bbox 801 2311 865 2371; x_wconf 89' lang='lat' dir='ltr'>Sed</span> <span class='ocrx_word' id='word_1_195' title='bbox 885 2312 947 2373; x_wconf 91' lang='lat' dir='ltr'>hoc</span> <span class='ocrx_word' id='word_1_196' title='bbox 968 2323 1265 2394; x_wconf 49' lang='lat' dir='ltr'>peccatnmfftonr..</span> <span class='ocrx_word' id='word_1_197' title='bbox 1303 2360 1310 2375; x_wconf 92' lang='lat'>.</span> 
     </span>
     <span class='ocr_line' id='line_1_25' title="bbox 76 2373 1311 2480; baseline 0.005 -19"><span class='ocrx_word' id='word_1_198' title='bbox 76 2401 117 2461; x_wconf 91' lang='lat' dir='ltr'>de</span> <span class='ocrx_word' id='word_1_199' title='bbox 150 2419 211 2480; x_wconf 85' lang='lat' dir='ltr'>quo</span> <span class='ocrx_word' id='word_1_200' title='bbox 244 2397 365 2457; x_wconf 91' lang='lat' dir='ltr'>locutus</span> <span class='ocrx_word' id='word_1_201' title='bbox 388 2396 577 2479; x_wconf 79' lang='lat' dir='ltr'>Apostolus,</span> <span class='ocrx_word' id='word_1_202' title='bbox 608 2394 678 2453; x_wconf 90' lang='lat' dir='ltr'>ideo</span> <span class='ocrx_word' id='word_1_203' title='bbox 713 2407 874 2474; x_wconf 85' lang='lat' dir='ltr'>peccatum</span> <span class='ocrx_word' id='word_1_204' title='bbox 895 2410 1042 2474; x_wconf 88' lang='lat' dir='ltr'>vocatur,</span> <span class='ocrx_word' id='word_1_205' title='bbox 1066 2373 1311 2480; x_wconf 62' lang='lat' dir='ltr'>quiallb&#39;bpldll</span> 
     </span>
     <span class='ocr_line' id='line_1_26' title="bbox 97 2475 1310 2562; baseline -0.001 -20"><span class='ocrx_word' id='word_1_206' title='bbox 97 2494 202 2543; x_wconf 90' lang='lat' dir='ltr'>eccato</span> <span class='ocrx_word' id='word_1_207' title='bbox 232 2481 345 2540; x_wconf 81' lang='lat' dir='ltr'>factum</span> <span class='ocrx_word' id='word_1_208' title='bbox 381 2495 444 2554; x_wconf 90' lang='lat' dir='ltr'>est,</span> <span class='ocrx_word' id='word_1_209' title='bbox 479 2492 511 2539; x_wconf 88' lang='lat' dir='ltr'>et</span> <span class='ocrx_word' id='word_1_210' title='bbox 537 2480 779 2560; x_wconf 86' lang='lat' dir='ltr'>poenapeccati</span> <span class='ocrx_word' id='word_1_211' title='bbox 801 2488 868 2536; x_wconf 82' lang='lat' dir='ltr'>est:</span> <span class='ocrx_word' id='word_1_212' title='bbox 890 2475 1310 2562; x_wconf 58' lang='lat' dir='ltr'>quandoquidemfflffur‘flr</span> 
     </span>
     <span class='ocr_line' id='line_1_27' title="bbox 73 2509 1137 2648; baseline -0.001 -19"><span class='ocrx_word' id='word_1_213' title='bbox 73 2509 137 2630; x_wconf 81' lang='lat' dir='ltr'>lloe</span> <span class='ocrx_word' id='word_1_214' title='bbox 160 2567 198 2626; x_wconf 85' lang='lat' dir='ltr'>de</span> <span class='ocrx_word' id='word_1_215' title='bbox 219 2568 466 2648; x_wconf 84' lang='lat' dir='ltr'>concupiscentia</span> <span class='ocrx_word' id='word_1_216' title='bbox 489 2564 589 2621; x_wconf 90' lang='lat' dir='ltr'>carnis</span> <span class='ocrx_word' id='word_1_217' title='bbox 613 2561 742 2634; x_wconf 75' lang='lat' dir='ltr'>dicitur,</span> <span class='ocrx_word' id='word_1_218' title='bbox 776 2562 859 2642; x_wconf 93' lang='lat' dir='ltr'>quod</span> <span class='ocrx_word' id='word_1_219' title='bbox 887 2567 986 2646; x_wconf 86' lang='lat' dir='ltr'>aperit</span> <span class='ocrx_word' id='word_1_220' title='bbox 1007 2568 1039 2625; x_wconf 89' lang='lat' dir='ltr'>iu</span> <span class='ocrx_word' id='word_1_221' title='bbox 1061 2589 1137 2628; x_wconf 87' lang='lat' dir='ltr'>con-</span> 
     </span>
     <span class='ocr_line' id='line_1_28' title="bbox 74 2645 1138 2734; baseline -0.003 -22"><span class='ocrx_word' id='word_1_222' title='bbox 74 2650 293 2734; x_wconf 83' lang='lat' dir='ltr'>sequentibus,</span> <span class='ocrx_word' id='word_1_223' title='bbox 329 2650 448 2709; x_wconf 86' lang='lat' dir='ltr'>dicens:</span> <span class='ocrx_word' id='word_1_224' title='bbox 486 2647 576 2718; x_wconf 92' lang='lat' dir='ltr'>Scio,</span> <span class='ocrx_word' id='word_1_225' title='bbox 618 2646 688 2726; x_wconf 88' lang='lat' dir='ltr'>quia</span> <span class='ocrx_word' id='word_1_226' title='bbox 712 2666 773 2703; x_wconf 91' lang='lat' dir='ltr'>non</span> <span class='ocrx_word' id='word_1_227' title='bbox 794 2645 914 2709; x_wconf 86' lang='lat' dir='ltr'>habitat</span> <span class='ocrx_word' id='word_1_228' title='bbox 936 2651 967 2709; x_wconf 90' lang='lat' dir='ltr'>in</span> <span class='ocrx_word' id='word_1_229' title='bbox 989 2671 1054 2728; x_wconf 90' lang='lat' dir='ltr'>me,</span> <span class='ocrx_word' id='word_1_230' title='bbox 1077 2652 1138 2715; x_wconf 88' lang='lat' dir='ltr'>hoc</span> 
     </span>
     <span class='ocr_line' id='line_1_29' title="bbox 74 2730 1138 2820; baseline 0 -23"><span class='ocrx_word' id='word_1_231' title='bbox 74 2749 136 2814; x_wconf 89' lang='lat' dir='ltr'>est,</span> <span class='ocrx_word' id='word_1_232' title='bbox 173 2739 205 2795; x_wconf 91' lang='lat' dir='ltr'>in</span> <span class='ocrx_word' id='word_1_233' title='bbox 239 2755 329 2793; x_wconf 89' lang='lat' dir='ltr'>carne</span> <span class='ocrx_word' id='word_1_234' title='bbox 353 2753 418 2792; x_wconf 88' lang='lat' dir='ltr'>mea</span> <span class='ocrx_word' id='word_1_235' title='bbox 440 2730 576 2789; x_wconf 88' lang='lat' dir='ltr'>bonum:</span> <span class='ocrx_word' id='word_1_236' title='bbox 597 2730 674 2788; x_wconf 88' lang='lat' dir='ltr'>velle</span> <span class='ocrx_word' id='word_1_237' title='bbox 695 2733 773 2788; x_wconf 88' lang='lat' dir='ltr'>enirn</span> <span class='ocrx_word' id='word_1_238' title='bbox 798 2730 918 2811; x_wconf 88' lang='lat' dir='ltr'>adjacet</span> <span class='ocrx_word' id='word_1_239' title='bbox 939 2735 1035 2812; x_wconf 88' lang='lat' dir='ltr'>mihi,</span> <span class='ocrx_word' id='word_1_240' title='bbox 1064 2760 1138 2820; x_wconf 91' lang='lat' dir='ltr'>per-</span> 
     </span>
     <span class='ocr_line' id='line_1_30' title="bbox 72 2814 1136 2901; baseline 0.001 -19"><span class='ocrx_word' id='word_1_241' title='bbox 72 2821 167 2883; x_wconf 86' lang='lat' dir='ltr'>ficere</span> <span class='ocrx_word' id='word_1_242' title='bbox 193 2829 294 2878; x_wconf 84' lang='lat' dir='ltr'>autem</span> <span class='ocrx_word' id='word_1_243' title='bbox 327 2816 443 2874; x_wconf 88' lang='lat' dir='ltr'>bonum</span> <span class='ocrx_word' id='word_1_244' title='bbox 472 2835 543 2875; x_wconf 39' lang='lat' dir='ltr'>*nou</span> <span class='ocrx_word' id='word_1_245' title='bbox 572 2816 701 2873; x_wconf 77' lang='lat' dir='ltr'>inuenio.</span> <span class='ocrx_word' id='word_1_246' title='bbox 744 2814 899 2877; x_wconf 86' lang='lat' dir='ltr'>Persectio</span> <span class='ocrx_word' id='word_1_247' title='bbox 923 2823 1039 2901; x_wconf 91' lang='lat' dir='ltr'>quippe</span> <span class='ocrx_word' id='word_1_248' title='bbox 1059 2823 1136 2884; x_wconf 89' lang='lat' dir='ltr'>boni</span> 
     </span>
     <span class='ocr_line' id='line_1_31' title="bbox 73 2900 1136 2983; baseline 0.003 -20"><span class='ocrx_word' id='word_1_249' title='bbox 73 2918 134 2983; x_wconf 84' lang='lat' dir='ltr'>est,</span> <span class='ocrx_word' id='word_1_250' title='bbox 168 2914 205 2963; x_wconf 91' lang='lat' dir='ltr'>ut</span> <span class='ocrx_word' id='word_1_251' title='bbox 236 2923 292 2960; x_wconf 87' lang='lat' dir='ltr'>nec</span> <span class='ocrx_word' id='word_1_252' title='bbox 314 2902 380 2980; x_wconf 88' lang='lat' dir='ltr'>ipsa</span> <span class='ocrx_word' id='word_1_253' title='bbox 402 2900 645 2982; x_wconf 85' lang='lat' dir='ltr'>coucupiscentia</span> <span class='ocrx_word' id='word_1_254' title='bbox 665 2901 784 2979; x_wconf 90' lang='lat' dir='ltr'>peccati</span> <span class='ocrx_word' id='word_1_255' title='bbox 805 2903 845 2959; x_wconf 91' lang='lat' dir='ltr'>sit</span> <span class='ocrx_word' id='word_1_256' title='bbox 868 2903 899 2960; x_wconf 92' lang='lat' dir='ltr'>in</span> <span class='ocrx_word' id='word_1_257' title='bbox 921 2902 1062 2983; x_wconf 90' lang='lat' dir='ltr'>homiue,</span> <span class='ocrx_word' id='word_1_258' title='bbox 1085 2910 1136 2966; x_wconf 91' lang='lat' dir='ltr'>cui</span> 
     </span>
     <span class='ocr_line' id='line_1_32' title="bbox 73 2983 1138 3071; baseline -0.006 -22"><span class='ocrx_word' id='word_1_259' title='bbox 73 2989 202 3071; x_wconf 85' lang='lat' dir='ltr'>quidem</span> <span class='ocrx_word' id='word_1_260' title='bbox 224 2985 349 3064; x_wconf 86' lang='lat' dir='ltr'>quando</span> <span class='ocrx_word' id='word_1_261' title='bbox 371 2983 446 3042; x_wconf 91' lang='lat' dir='ltr'>bene</span> <span class='ocrx_word' id='word_1_262' title='bbox 467 2985 598 3058; x_wconf 85' lang='lat' dir='ltr'>vivitur,</span> <span class='ocrx_word' id='word_1_263' title='bbox 632 3003 693 3041; x_wconf 89' lang='lat' dir='ltr'>non</span> <span class='ocrx_word' id='word_1_264' title='bbox 720 2988 871 3044; x_wconf 90' lang='lat' dir='ltr'>consentit</span> <span class='ocrx_word' id='word_1_265' title='bbox 892 2986 1052 3064; x_wconf 84' lang='lat' dir='ltr'>voluntas,</span> <span class='ocrx_word' id='word_1_266' title='bbox 1082 3011 1138 3049; x_wconf 84' lang='lat' dir='ltr'>ve..</span> 
     </span>
     <span class='ocr_line' id='line_1_33' title="bbox 73 3065 1138 3147; baseline 0.001 -18"><span class='ocrx_word' id='word_1_267' title='bbox 73 3094 142 3135; x_wconf 78' lang='lat' dir='ltr'>rum</span> <span class='ocrx_word' id='word_1_268' title='bbox 174 3084 276 3130; x_wconf 90' lang='lat' dir='ltr'>tamen</span> <span class='ocrx_word' id='word_1_269' title='bbox 310 3086 370 3125; x_wconf 91' lang='lat' dir='ltr'>non</span> <span class='ocrx_word' id='word_1_270' title='bbox 401 3065 519 3147; x_wconf 87' lang='lat' dir='ltr'>perficit</span> <span class='ocrx_word' id='word_1_271' title='bbox 539 3067 677 3141; x_wconf 90' lang='lat' dir='ltr'>bonum,</span> <span class='ocrx_word' id='word_1_272' title='bbox 700 3069 772 3147; x_wconf 89' lang='lat' dir='ltr'>quia</span> <span class='ocrx_word' id='word_1_273' title='bbox 795 3069 873 3127; x_wconf 93' lang='lat' dir='ltr'>inest</span> <span class='ocrx_word' id='word_1_274' title='bbox 895 3069 996 3128; x_wconf 87' lang='lat' dir='ltr'>adhuc</span> <span class='ocrx_word' id='word_1_275' title='bbox 1019 3092 1138 3130; x_wconf 86' lang='lat' dir='ltr'>coneu-</span> 
     </span>
     <span class='ocr_line' id='line_1_34' title="bbox 72 3150 1302 3242; baseline 0.002 -28"><span class='ocrx_word' id='word_1_276' title='bbox 72 3153 247 3242; x_wconf 79' lang='lat' dir='ltr'>piscentia,</span> <span class='ocrx_word' id='word_1_277' title='bbox 290 3154 338 3209; x_wconf 91' lang='lat' dir='ltr'>cui</span> <span class='ocrx_word' id='word_1_278' title='bbox 378 3164 524 3232; x_wconf 76' lang='lat' dir='ltr'>repugnat</span> <span class='ocrx_word' id='word_1_279' title='bbox 552 3150 715 3222; x_wconf 83' lang='lat' dir='ltr'>voluntas,</span> <span class='ocrx_word' id='word_1_280' title='bbox 748 3152 838 3230; x_wconf 88' lang='lat' dir='ltr'>cujus</span> <span class='ocrx_word' id='word_1_281' title='bbox 869 3155 1136 3234; x_wconf 88' lang='lat' dir='ltr'>concupiscentiae</span> <span class='ocrx_word' id='word_1_282' title='bbox 1300 3225 1302 3230; x_wconf 27' lang='lat'><strong>¹</strong></span> 
     </span>
     <span class='ocr_line' id='line_1_35' title="bbox 72 3226 1307 3317; baseline 0.002 -13"><span class='ocrx_word' id='word_1_283' title='bbox 72 3256 176 3303; x_wconf 80' lang='lat' dir='ltr'>reatus</span> <span class='ocrx_word' id='word_1_284' title='bbox 207 3226 451 3317; x_wconf 70' lang='lat' dir='ltr'>in&#39;bnptlsmate</span> <span class='ocrx_word' id='word_1_285' title='bbox 480 3234 623 3311; x_wconf 83' lang='lat' dir='ltr'>solvitur,</span> <span class='ocrx_word' id='word_1_286' title='bbox 658 3234 712 3293; x_wconf 92' lang='lat' dir='ltr'>sed</span> <span class='ocrx_word' id='word_1_287' title='bbox 748 3233 908 3294; x_wconf 84' lang='lat' dir='ltr'>infirmltas</span> <span class='ocrx_word' id='word_1_288' title='bbox 931 3251 1052 3314; x_wconf 89' lang='lat' dir='ltr'>manet,</span> <span class='ocrx_word' id='word_1_289' title='bbox 1075 3242 1307 3316; x_wconf 53' lang='lat' dir='ltr'>autumnum.</span> 
     </span>
     <span class='ocr_line' id='line_1_36' title="bbox 73 3315 1307 3411; baseline -0.001 -26"><span class='ocrx_word' id='word_1_290' title='bbox 73 3327 175 3388; x_wconf 89' lang='lat' dir='ltr'>dunec</span> <span class='ocrx_word' id='word_1_291' title='bbox 196 3333 336 3396; x_wconf 89' lang='lat' dir='ltr'>sanetur,</span> <span class='ocrx_word' id='word_1_292' title='bbox 360 3320 457 3379; x_wconf 90' lang='lat' dir='ltr'>omnis</span> <span class='ocrx_word' id='word_1_293' title='bbox 479 3315 591 3392; x_wconf 88' lang='lat' dir='ltr'>fidelis,</span> <span class='ocrx_word' id='word_1_294' title='bbox 612 3320 666 3398; x_wconf 90' lang='lat' dir='ltr'>qui</span> <span class='ocrx_word' id='word_1_295' title='bbox 687 3318 764 3378; x_wconf 87' lang='lat' dir='ltr'>bene</span> <span class='ocrx_word' id='word_1_296' title='bbox 787 3315 924 3399; x_wconf 87' lang='lat' dir='ltr'>proficit,</span> <span class='ocrx_word' id='word_1_297' title='bbox 947 3323 1132 3384; x_wconf 77' lang='lat' dir='ltr'>studiosissI·</span> <span class='ocrx_word' id='word_1_298' title='bbox 1145 3318 1307 3411; x_wconf 49' lang='lat' dir='ltr'>lll&#39;ssl&#39;ffilff&#39;</span> 
     </span>
     <span class='ocr_line' id='line_1_37' title="bbox 10 3399 1279 3474; baseline -0.004 -6"><span class='ocrx_word' id='word_1_299' title='bbox 10 3446 13 3455; x_wconf 93' lang='lat'>·</span> <span class='ocrx_word' id='word_1_300' title='bbox 70 3431 117 3472; x_wconf 85' lang='lat' dir='ltr'>me</span> <span class='ocrx_word' id='word_1_301' title='bbox 138 3407 320 3472; x_wconf 83' lang='lat' dir='ltr'>reluctatur.</span> <span class='ocrx_word' id='word_1_302' title='bbox 417 3433 421 3441; x_wconf 95' lang='lat'><em>·</em></span> <span class='ocrx_word' id='word_1_303' title='bbox 604 3470 607 3474; x_wconf 18' lang='lat'><strong>⁴</strong></span> <span class='ocrx_word' id='word_1_304' title='bbox 819 3436 821 3441; x_wconf 95' lang='lat'>·</span> <span class='ocrx_word' id='word_1_305' title='bbox 1272 3399 1279 3412; x_wconf 71' lang='lat'>⁸</span> 
     </span>
    </p>

    <p class='ocr_par' dir='ltr' id='par_1_11' title="bbox 10 3484 1307 4166">
     <span class='ocr_line' id='line_1_38' title="bbox 160 3484 1134 3574; baseline 0.002 -25"><span class='ocrx_word' id='word_1_306' title='bbox 160 3505 190 3560; x_wconf 76' lang='grc' dir='ltr'>(ς.</span> <span class='ocrx_word' id='word_1_307' title='bbox 232 3491 287 3551; x_wconf 87' lang='grc' dir='ltr'>ΕΤ</span> <span class='ocrx_word' id='word_1_308' title='bbox 305 3490 337 3549; x_wconf 90' lang='lat' dir='ltr'>L.</span> <span class='ocrx_word' id='word_1_309' title='bbox 359 3487 446 3547; x_wconf 89' lang='lat' dir='ltr'>XIII.</span> <span class='ocrx_word' id='word_1_310' title='bbox 470 3485 508 3546; x_wconf 91' lang='lat' dir='ltr'>de</span> <span class='ocrx_word' id='word_1_311' title='bbox 531 3484 637 3545; x_wconf 86' lang='lat' dir='ltr'>Trinit.</span> <span class='ocrx_word' id='word_1_312' title='bbox 659 3507 725 3570; x_wconf 90' lang='lat' dir='ltr'>cap.</span> <span class='ocrx_word' id='word_1_313' title='bbox 749 3498 835 3553; x_wconf 77' lang='grc' dir='ltr'>16..·Ι</span> <span class='ocrx_word' id='word_1_314' title='bbox 853 3485 996 3562; x_wconf 84' lang='lat' dir='ltr'>Quamvis</span> <span class='ocrx_word' id='word_1_315' title='bbox 1020 3493 1134 3574; x_wconf 83' lang='lat' dir='ltr'>etipsa</span> 
     </span>
     <span class='ocr_line' id='line_1_39' title="bbox 72 3569 1134 3656; baseline -0.002 -16"><span class='ocrx_word' id='word_1_316' title='bbox 72 3598 161 3642; x_wconf 83' lang='lat' dir='ltr'>mors</span> <span class='ocrx_word' id='word_1_317' title='bbox 189 3577 289 3636; x_wconf 87' lang='lat' dir='ltr'>carnis</span> <span class='ocrx_word' id='word_1_318' title='bbox 323 3574 361 3632; x_wconf 90' lang='lat' dir='ltr'>de</span> <span class='ocrx_word' id='word_1_319' title='bbox 381 3585 508 3654; x_wconf 89' lang='lat' dir='ltr'>peccato</span> <span class='ocrx_word' id='word_1_320' title='bbox 528 3573 619 3653; x_wconf 79' lang='lat' dir='ltr'>primi</span> <span class='ocrx_word' id='word_1_321' title='bbox 647 3569 777 3630; x_wconf 88' lang='lat' dir='ltr'>bominis</span> <span class='ocrx_word' id='word_1_322' title='bbox 800 3571 989 3653; x_wconf 83' lang='lat' dir='ltr'>originaliter</span> <span class='ocrx_word' id='word_1_323' title='bbox 1009 3580 1134 3656; x_wconf 89' lang='lat' dir='ltr'>venerit,</span> 
     </span>
     <span class='ocr_line' id='line_1_40' title="bbox 74 3654 1135 3738; baseline -0.006 -11"><span class='ocrx_word' id='word_1_324' title='bbox 74 3677 177 3727; x_wconf 77' lang='lat' dir='ltr'>tamen</span> <span class='ocrx_word' id='word_1_325' title='bbox 215 3659 315 3719; x_wconf 91' lang='lat' dir='ltr'>bonus</span> <span class='ocrx_word' id='word_1_326' title='bbox 343 3659 408 3738; x_wconf 87' lang='lat' dir='ltr'>ejus</span> <span class='ocrx_word' id='word_1_327' title='bbox 440 3675 514 3716; x_wconf 89' lang='lat' dir='ltr'>usus</span> <span class='ocrx_word' id='word_1_328' title='bbox 543 3654 775 3735; x_wconf 84' lang='lat' dir='ltr'>gloriosissimos</span> <span class='ocrx_word' id='word_1_329' title='bbox 805 3669 949 3731; x_wconf 89' lang='lat' dir='ltr'>martyres</span> <span class='ocrx_word' id='word_1_330' title='bbox 971 3659 1051 3719; x_wconf 88' lang='lat' dir='ltr'>fecit.</span> <span class='ocrx_word' id='word_1_331' title='bbox 1092 3663 1135 3724; x_wconf 91' lang='lat' dir='ltr'>Et</span> 
     </span>
     <span class='ocr_line' id='line_1_41' title="bbox 76 3736 1134 3822; baseline 0.002 -18"><span class='ocrx_word' id='word_1_332' title='bbox 76 3750 145 3809; x_wconf 80' lang='lat' dir='ltr'>ideo</span> <span class='ocrx_word' id='word_1_333' title='bbox 168 3765 233 3805; x_wconf 91' lang='lat' dir='ltr'>non</span> <span class='ocrx_word' id='word_1_334' title='bbox 257 3741 352 3801; x_wconf 89' lang='lat' dir='ltr'>solum</span> <span class='ocrx_word' id='word_1_335' title='bbox 375 3743 456 3822; x_wconf 84' lang='lat' dir='ltr'>ipsa,</span> <span class='ocrx_word' id='word_1_336' title='bbox 479 3739 532 3800; x_wconf 90' lang='lat' dir='ltr'>sed</span> <span class='ocrx_word' id='word_1_337' title='bbox 556 3739 657 3797; x_wconf 88' lang='lat' dir='ltr'>omnia</span> <span class='ocrx_word' id='word_1_338' title='bbox 677 3736 786 3798; x_wconf 89' lang='lat' dir='ltr'>saeculi</span> <span class='ocrx_word' id='word_1_339' title='bbox 808 3738 899 3819; x_wconf 90' lang='lat' dir='ltr'>hujus</span> <span class='ocrx_word' id='word_1_340' title='bbox 920 3742 1017 3819; x_wconf 84' lang='lat' dir='ltr'>mala,</span> <span class='ocrx_word' id='word_1_341' title='bbox 1040 3744 1134 3807; x_wconf 87' lang='lat' dir='ltr'>dolo-</span> 
     </span>
     <span class='ocr_line' id='line_1_42' title="bbox 79 3821 1161 3907; baseline -0.005 -13"><span class='ocrx_word' id='word_1_342' title='bbox 79 3852 122 3893; x_wconf 77' lang='lat' dir='ltr'>ret</span> <span class='ocrx_word' id='word_1_343' title='bbox 136 3828 321 3907; x_wconf 86' lang='lat' dir='ltr'>laboresque</span> <span class='ocrx_word' id='word_1_344' title='bbox 342 3825 499 3884; x_wconf 89' lang='lat' dir='ltr'>hominum</span> <span class='ocrx_word' id='word_1_345' title='bbox 511 3869 519 3900; x_wconf 92' lang='lat'>,</span> <span class='ocrx_word' id='word_1_346' title='bbox 542 3841 725 3905; x_wconf 87' lang='lat' dir='ltr'>quamquam</span> <span class='ocrx_word' id='word_1_347' title='bbox 746 3821 783 3880; x_wconf 86' lang='lat' dir='ltr'>dc</span> <span class='ocrx_word' id='word_1_348' title='bbox 803 3834 996 3905; x_wconf 87' lang='lat' dir='ltr'>peccatorum</span> <span class='ocrx_word' id='word_1_349' title='bbox 1018 3840 1049 3888; x_wconf 90' lang='lat' dir='ltr'>et</span> <span class='ocrx_word' id='word_1_350' title='bbox 1068 3852 1134 3889; x_wconf 89' lang='lat' dir='ltr'>ma-</span> <span class='ocrx_word' id='word_1_351' title='bbox 1158 3864 1161 3869; x_wconf 94' lang='lat'>·</span> 
     </span>
     <span class='ocr_line' id='line_1_43' title="bbox 81 3907 1133 3992; baseline 0.002 -20"><span class='ocrx_word' id='word_1_352' title='bbox 81 3919 152 3977; x_wconf 76' lang='lat' dir='ltr'>rime</span> <span class='ocrx_word' id='word_1_353' title='bbox 181 3915 225 3974; x_wconf 87' lang='lat' dir='ltr'>dc</span> <span class='ocrx_word' id='word_1_354' title='bbox 258 3908 551 3992; x_wconf 86' lang='lat' dir='ltr'>peccati¹originalis</span> <span class='ocrx_word' id='word_1_355' title='bbox 574 3907 690 3967; x_wconf 90' lang='lat' dir='ltr'>meritis</span> <span class='ocrx_word' id='word_1_356' title='bbox 711 3908 852 3982; x_wconf 83' lang='lat' dir='ltr'>veniant,</span> <span class='ocrx_word' id='word_1_357' title='bbox 884 3908 966 3968; x_wconf 90' lang='lat' dir='ltr'>unde</span> <span class='ocrx_word' id='word_1_358' title='bbox 986 3913 1065 3972; x_wconf 84' lang='lat' dir='ltr'>facta</span> <span class='ocrx_word' id='word_1_359' title='bbox 1088 3925 1133 3974; x_wconf 91' lang='lat' dir='ltr'>est</span> 
     </span>
     <span class='ocr_line' id='line_1_44' title="bbox 10 3990 1305 4083; baseline 0.005 -26"><span class='ocrx_word' id='word_1_360' title='bbox 10 4038 14 4047; x_wconf 51' lang='grc' dir='ltr'>ι</span> <span class='ocrx_word' id='word_1_361' title='bbox 85 4009 114 4057; x_wconf 79' lang='lat' dir='ltr'>et</span> <span class='ocrx_word' id='word_1_362' title='bbox 138 4002 209 4083; x_wconf 80' lang='lat' dir='ltr'>ipsa</span> <span class='ocrx_word' id='word_1_363' title='bbox 242 3997 304 4054; x_wconf 91' lang='lat' dir='ltr'>vlta</span> <span class='ocrx_word' id='word_1_364' title='bbox 334 3993 454 4052; x_wconf 85' lang='lat' dir='ltr'>vinculo</span> <span class='ocrx_word' id='word_1_365' title='bbox 487 3994 593 4052; x_wconf 84' lang='lat' dir='ltr'>mortis</span> <span class='ocrx_word' id='word_1_366' title='bbox 627 3990 791 4066; x_wconf 88' lang='lat' dir='ltr'>obstricta,</span> <span class='ocrx_word' id='word_1_367' title='bbox 830 4004 929 4052; x_wconf 90' lang='lat' dir='ltr'>tamen</span> <span class='ocrx_word' id='word_1_368' title='bbox 950 4005 980 4054; x_wconf 89' lang='lat' dir='ltr'>et</span> <span class='ocrx_word' id='word_1_369' title='bbox 1001 3992 1131 4058; x_wconf 81' lang='lat' dir='ltr'>remissis</span> <span class='ocrx_word' id='word_1_370' title='bbox 1154 4031 1260 4072; x_wconf 53' lang='lat' dir='ltr'>nemim</span> <span class='ocrx_word' id='word_1_371' title='bbox 1280 4044 1305 4072; x_wconf 78' lang='lat'>0.</span> 
     </span>
     <span class='ocr_line' id='line_1_45' title="bbox 84 4075 1307 4166; baseline 0.002 -28"><span class='ocrx_word' id='word_1_372' title='bbox 84 4086 210 4163; x_wconf 82' lang='lat' dir='ltr'>peotatis</span> <span class='ocrx_word' id='word_1_373' title='bbox 234 4098 390 4141; x_wconf 87' lang='lat' dir='ltr'>remanere</span> <span class='ocrx_word' id='word_1_374' title='bbox 412 4077 598 4154; x_wconf 90' lang='lat' dir='ltr'>debuerunt,</span> <span class='ocrx_word' id='word_1_375' title='bbox 628 4096 703 4135; x_wconf 88' lang='lat' dir='ltr'>cum·</span> <span class='ocrx_word' id='word_1_376' title='bbox 719 4075 829 4156; x_wconf 89' lang='lat' dir='ltr'>quibus</span> <span class='ocrx_word' id='word_1_377' title='bbox 852 4075 946 4138; x_wconf 92' lang='lat' dir='ltr'>homo</span> <span class='ocrx_word' id='word_1_378' title='bbox 969 4101 1027 4162; x_wconf 90' lang='lat' dir='ltr'>pro</span> <span class='ocrx_word' id='word_1_379' title='bbox 1050 4084 1133 4141; x_wconf 84' lang='lat' dir='ltr'>veri·</span> <span class='ocrx_word' id='word_1_380' title='bbox 1142 4080 1234 4131; x_wconf 59' lang='lat' dir='ltr'>‘³⁸³²&#39;st</span> <span class='ocrx_word' id='word_1_381' title='bbox 1254 4093 1307 4166; x_wconf 56' lang='grc' dir='ltr'>Ψ·</span> 
     </span>
    </p>
   </div>
   <div class='ocr_carea' id='block_1_3' title="bbox 1145 4133 1306 4173">
    <p class='ocr_par' dir='ltr' id='par_1_12' title="bbox 1145 4133 1306 4173">
     <span class='ocr_line' id='line_1_46' title="bbox 1145 4133 1306 4173; baseline 0 -8"><span class='ocrx_word' id='word_1_382' title='bbox 1145 4133 1207 4173; x_wconf 84' lang='lat' dir='ltr'>ento,</span> <span class='ocrx_word' id='word_1_383' title='bbox 1220 4143 1257 4168; x_wconf 87' lang='lat' dir='ltr'>mu</span> <span class='ocrx_word' id='word_1_384' title='bbox 1269 4135 1306 4167; x_wconf 79' lang='lat' dir='ltr'>tao</span> 
     </span>
    </p>
   </div>
   <div class='ocr_carea' id='block_1_4' title="bbox 10 4159 1289 4296">
    <p class='ocr_par' dir='ltr' id='par_1_13' title="bbox 10 4159 1289 4296">
     <span class='ocr_line' id='line_1_47' title="bbox 10 4159 1289 4241; baseline -0.004 -13"><span class='ocrx_word' id='word_1_385' title='bbox 10 4204 19 4219; x_wconf 84' lang='lat'><em>·</em></span> <span class='ocrx_word' id='word_1_386' title='bbox 81 4177 145 4228; x_wconf 79' lang='lat' dir='ltr'>tate</span> <span class='ocrx_word' id='word_1_387' title='bbox 162 4175 295 4230; x_wconf 74' lang='lat' dir='ltr'>certaret</span> <span class='ocrx_word' id='word_1_388' title='bbox 300 4205 312 4241; x_wconf 94' lang='lat'>,</span> <span class='ocrx_word' id='word_1_389' title='bbox 333 4174 364 4224; x_wconf 88' lang='lat' dir='ltr'>et</span> <span class='ocrx_word' id='word_1_390' title='bbox 384 4161 465 4224; x_wconf 88' lang='lat' dir='ltr'>unde</span> <span class='ocrx_word' id='word_1_391' title='bbox 486 4172 675 4224; x_wconf 82' lang='lat' dir='ltr'>exerceretur</span> <span class='ocrx_word' id='word_1_392' title='bbox 691 4161 789 4223; x_wconf 81' lang='lat' dir='ltr'>&#39;virtus</span> <span class='ocrx_word' id='word_1_393' title='bbox 808 4159 960 4223; x_wconf 82' lang='lat' dir='ltr'>fidelium:</span> <span class='ocrx_word' id='word_1_394' title='bbox 982 4176 1017 4225; x_wconf 88' lang='lat' dir='ltr'>ut</span> <span class='ocrx_word' id='word_1_395' title='bbox 1036 4186 1133 4234; x_wconf 75' lang='lat' dir='ltr'>novus</span> <span class='ocrx_word' id='word_1_396' title='bbox 1144 4175 1289 4219; x_wconf 67' lang='lat' dir='ltr'>inuniunt</span> 
     </span>
     <span class='ocr_line' id='line_1_48' title="bbox 881 4269 931 4296; baseline 0 0"><span class='ocrx_word' id='word_1_397' title='bbox 881 4281 895 4296; x_wconf 66' lang='grc' dir='ltr'>ι</span> <span class='ocrx_word' id='word_1_398' title='bbox 910 4269 931 4296; x_wconf 70' lang='grc' dir='ltr'>Ι</span> 
     </span>
    </p>
   </div>
   <div class='ocr_carea' id='block_1_5' title="bbox 0 0 1400 4792">
    <p class='ocr_par' dir='ltr' id='par_1_14' title="bbox 0 0 1400 4792">
     <span class='ocr_line' id='line_1_49' title="bbox 0 0 1400 4792; baseline 0 0"><span class='ocrx_word' id='word_1_399' title='bbox 0 0 1400 4792; x_wconf 95' lang='lat' dir='ltr'> </span> 
     </span>
    </p>
   </div>
  </div>
 </body>
</html>
