2790 4792
31 4132 37 4141 ¹
108 4121 267 4173 parvulorum,

243 315 319 385 'aa
444 277 1113 386 'nuslcnsarnnrrs

94 505 243 557 naetma
267 502 357 564 uobis
375 499 620 586 significdvimns,
641 523 711 565 cum
732 506 900 589 apertionis
930 505 1119 568 celebrantes
1147 509 1337 589 mysterium,

268 588 471 650 diceremus:¹
497 586 606 662 Edeta,
631 590 718 670 quod
750 602 805 664 cst,
832 590 1012 673 Adaperire.
1064 592 1134 651 Hoc
1160 597 1340 667 mysterium

270 671 436 732 celebrarit
457 671 651 732 CHRISTUS
673 677 706 734 in
725 674 898 757 Evangelio,
917 676 996 735 sicut
1018 675 1156 761 legimus,
1179 697 1251 736 cum
1272 700 1341 740 mu·

269 770 335 819 tum
351 769 474 816 curaret
497 768 526 816 et
542 756 678 818 surdum.
723 759 872 818 CAPITE
894 760 1048 820 secundo:
1090 761 1168 820 Post
1197 760 1276 823 baec
1292 787 1342 824 ru-

270 854 368 904 serata
390 840 448 913 tibi
468 854 538 900 sunt
556 854 659 902 sancta
680 857 876 906 sanctorum:
897 846 1050 927 ingressus
1076 867 1106 904 cs
1128 850 1343 928 regeneratio·

102 930 317 1000 abrenuncias-nis
347 929 520 986 sacrarium.
569 928 694 1010 Repete,
721 929 798 988 utrid
831 931 1034 1010 interrogatus
1056 930 1117 1004 sis,
1142 951 1341 1013 recognosce,

100 998 144 1033 ‘¹⁰‘
272 1010 347 1095 quid
376 1011 583 1093 responderis.
633 1013 830 1070 Renunciasti
861 1013 987 1071 diabolo
1022 1024 1051 1072 et
1086 1013 1236 1094 operibus
1270 1019 1343 1098 ejus,

272 1095 388 1157 mundo
411 1107 440 1154 et
463 1095 599 1156 luxuriae
623 1099 690 1177 ejus
714 1118 748 1156 ac
770 1096 988 1178 voluptatibus.
1032 1095 1144 1156 Vidisti
1167 1098 1231 1158 illic
1258 1102 1344 1161 Levi-

264 1194 357 1255 ·tam,
381 1180 483 1238 vidisti
506 1181 714 1258 sacerdotem,
738 1182 840 1239 vidisti
863 1179 1018 1240 ¹summum
1044 1182 1249 1242 sacerdotem.
1293 1186 1345 1245 Iu-

275 1285 402 1350 gressus,
423 1277 459 1323 ut
490 1266 695 1331 adversarium
728 1277 817 1324 tuum
849 1287 1007 1341 cerneres,
1031 1268 1080 1329 eui
1101 1269 1344 1330 renunciandum

99 1348 264 1440 m‘js‘ffiim
274 1372 344 1411 mox
364 1360 497 1430 putares,
520 1351 557 1408 ad
581 1351 739 1410 Orientem
762 1353 954 1409 converteris.
1001 1350 1064 1425 Qui
1085 1352 1164 1408 enim
1185 1357 1344 1414 renunciat

274 1433 430 1511 Diabolo,
454 1434 493 1494 ad
517 1435 725 1494 CHRISTUM
748 1437 959 1511 convertitur,
984 1433 1069 1493 illum
1099 1434 1221 1501 directo
1253 1440 1345 1497 ceruit

103 1532 179 1584 aquae
202 1531 256 1583 δην
277 1518 400 1581 obtuta.
443 1519 604 1578 DEINDE
635 1521 733 1601 capite
759 1521 872 1578 tertio:
915 1519 1004 1600 Aqua
1026 1520 1090 1578 sine
1117 1520 1347 1601 praedicatione

100 1581 203 1623 tismalis
225 1582 265 1622 be·
359 1598 397 1617 -s
552 1606 558 1618 .
1123 1606 1128 1616 .

101 1631 210 1673 nemesio.
276 1608 453 1666 Domrntcae
476 1625 593 1680 crucis,
619 1604 657 1663 ad
680 1602 784 1663 nullos
806 1625 878 1663 usus
902 1604 1024 1663 futurae
1042 1602 1145 1662 salutis
1168 1616 1225 1664 est.
1272 1607 1343 1666 Cum

276 1712 351 1751 vero
364 1689 502 1830 saplutapris
519 1688 614 1747 fuerit
634 1690 730 1829 erupis
744 1690 888 1761 mysterio
899 1698 1087 1828 lconsecrata,
1109 1699 1184 1747 tunc
1206 1689 1248 1749 a‘d
1261 1711 1347 1752 usum

277 1775 385 1835 sirita
398 1776 423 1830 is
465 1773 563 1830 avaeri
592 1782 622 1830 et
652 1792 683 1830 sa
697 1774 793 1830 utaris
838 1774 920 1829 ocui
944 1784 1004 1830 tem
1030 1783 1142 1830 eretur.
1197 1773 1252 1832 (ΞΑ
1298 1777 1346 1797 ’“’

102 1878 220 1922 tanneris.
277 1797 379 1920 sixto:
401 1857 478 1916 Post
487 1854 561 1913 haec
582 1856 689 1934 utique
710 1793 871 1913 ascendisti
890 1855 929 1913 ad
950 1793 1153 1916 saceprdotem:
1176 1774 1348 1935 considieiai:
1385 1904 1387 1917 .

103 1930 258 1976 '³⁸²¹‘¹³²'²
278 1942 354 2026 quid
375 1952 512 2001 secutum
535 1940 582 1997 sit.
625 1939 732 1997 Nonne
748 1937 827 1997 illud
847 1938 931 2018 quod
949 1941 1006 1997 ait:
1050 1939 1139 1998 Sicut
1157 1954 1346 2025 unguentum

278 2024 448 2109 incapite?
493 2022 603 2085 Omnes
629 2024 758 2081 enimin
783 2042 908 2104 regnum
936 2023 1010 2080 DEI
1032 2036 1063 2082 et
1087 2025 1125 2081 in·
1143 2022 1345 2085 sacerdotium

104 2098 268 2200 {3⁸Essi123’922
278 2114 424 2194 ungimur
436 2109 533 2191 gratia
554 2105 694 2190 spiritali.
737 2105 907 2166 Ascendisti
922 2107 960 2165 de
977 2107 1069 2183 fonte,
1090 2119 1241 2183 memento
1258 2128 1344 2169 erau-

83 2196 165 2244 ‘aum
280 2197 392 2282 gelicae
412 2193 560 2253 lectionis.
604 2192 726 2250 Etenim
743 2191 895 2250 Dominus
919 2202 1023 2250 noster
1047 2191 1166 2251 JESUS
1195 2194 1226 2253 in
1245 2192 1346 2253 Evan-

281 2281 359 2366 gelio
380 2279 453 2339 lavit
468 2273 561 2361 pedes
579 2274 738 2357 discipulis
761 2277 822 2335 suis
845 2287 902 2336 etc.
947 2273 1095 2334 GAPITE
1114 2280 1267 2358 septimo:
1290 2278 1349 2338 Ac·

281 2366 388 2449 cepisti
407 2374 478 2446 post
502 2360 578 2422 haec
590 2363 765 2422 vestimenta
786 2359 924 2434 candida,
948 2370 983 2418 ut
996 2370 1073 2420 esset
1091 2360 1251 2439 indicium,
1267 2360 1348 2444 quod

105 2453 267 2544 paearpna·
280 2450 399 2512 exueris
421 2445 616 2507 iuv'olucrum
642 2457 864 2527 peccatorum,
889 2445 1025 2503 indueris
1053 2446 1248 2507 innocentiae
1272 2458 1349 2507 casta

117 2518 176 2545 ”m
189 2517 210 2546 α’
279 2535 436 2595 velamina.
480 2531 522 2591 Et
534 2534 565 2591 ln
583 2529 644 2590 fine
668 2532 790 2613 capitis:
812 2529 938 2611 Repete,
958 2530 1187 2611 quia'accepisti
1209 2533 1234 2590 si
1258 2553 1349 2592 naeu·

106 2634 264 2701 cananeus.
282 2619 344 2690 lum
367 2614 513 2701 spiritale,
536 2619 677 2699 spiritum
696 2615 862 2696 sapientiae
886 2625 916 2672 et
940 2612 1111 2672 intellectus
1133 2612 1208 2673 e'tc.'
1267 2615 1350 2676 ENI-

104 2689 368 2778 ⁸⁸“¹¹⁹¹¹¹¹·QUE
388 2701 488 2782 capite
509 2713 634 2760 octavo:
654 2733 657 2737 ,
677 2698 731 2759 His
752 2697 858 2757 abluta
883 2696 972 2781 plebs
997 2696 1080 2758 dives
1104 2694 1291 2782 insignibus,
1314 2698 1350 2761 ad

221 2833 228 2847 .
282 2783 444 2848 CHRISTI
473 2782 631 2844 contendit
654 2772 761 2842 altaria
781 2792 837 2852 etc.
902 2812 905 2817 ·

108 2835 253 2878 nonnemo.

106 2885 253 2945 capraeque,
367 2883 395 2938 7.
439 2865 696 2929 AUGUSTINUS
718 2866 771 2925 lib.
794 2865 818 2924 I.
839 2864 877 2924 de
899 2865 1015 2947 nuptiis
1041 2878 1072 2926 et
1093 2870 1351 2950 concupiscentis,

27 2980 41 3003 s
106 2933 348 3038 fflssufffffmcap.
370 2965 436 3019 20.:
479 2950 516 3008 Iu
539 2955 687 3024 veritate,
713 2970 777 3009 nou
802 2946 840 3008 iu'
860 2948 1012 3024 falsitate,
1037 2963 1171 3033 potestas
1198 2951 1350 3013 diabolica

281 3038 473 3102 exorcizatur
498 3036 529 3093 in
553 3033 704 3117 parvulis:
730 3035 818 3115 eique
836 3034 1027 3109 renunciant,
1054 3037 1125 3115 quia
1147 3032 1275 3117 persua
1293 3058 1352 3099 uon

248 3196 252 3207 Ι
280 3134 422 3209 possunt,
442 3139 500 3202 per
519 3119 614 3178 corda
637 3130 667 3178 et
698 3138 754 3179 ora
782 3117 978 3199 gestantium,
999 3129 1035 3176 ut
1061 3120 1141 3179 eruti
1162 3141 1180 3178 a
1204 3130 1352 3202 potestate

280 3207 485 3281 tenebrarum,
508 3205 541 3264 in
560 3225 689 3286 regnum
702 3204 749 3261 sui
762 3202 887 3261 Domini
901 3202 1129 3263 transferantur.
1174 3204 1263 3279 Quid
1280 3220 1361 3290 ergo¹

281 3294 313 3353 in
336 3294 377 3352 eis
403 3302 470 3365 est,
498 3309 555 3371 per
578 3288 667 3369 quod
692 3289 722 3345 in
747 3296 898 3368 potestate
926 3286 1041 3347 diaboli
1055 3299 1226 3365 teneantur,
1255 3290 1352 3352 donee

281 3387 428 3437 eruantur
444 3371 516 3432 inde
540 3393 597 3455 per
624 3373 852 3432 Sacramentum
875 3368 1066 3454 Baptismatis
1087 3371 1263 3452 CHRISTI,
1279 3372 1351 3457 quid

282 3471 329 3520 est
348 3460 407 3519 nisi
424 3455 605 3542 peccatum?

366 3554 396 3610 8.
439 3541 547 3600 IDEM
562 3541 750 3624 Augustinus
776 3539 809 3598 L.
829 3539 872 3605 ΙΙ.
895 3540 934 3600 de
945 3550 1033 3621 nupt.
1054 3550 1084 3598 et
1097 3560 1229 3623 concup;
1243 3563 1269 3602 c.
1286 3554 1353 3611 tar

108 3615 320 3707 ,cfffffffgl‘glu
342 3625 479 3685 Ecclesia
507 3636 574 3685 toto
602 3625 679 3684 orbe
703 3623 811 3683 diffusa
834 3624 1078 3706 ubiqueomnes
1103 3624 1283 3707 baptizandi
1303 3629 1350 3686 iu·

108 3709 396 3806 ss{h{·{ffl¹if³¹¹tu¹i
417 3730 481 3768 non
501 3708 543 3768 ob
569 3708 651 3768 aliud
686 3709 897 3782 exsufflantur,
924 3709 983 3771 nisi
1007 3719 1042 3766 ut
1075 3708 1114 3769 ab
1145 3711 1187 3769 cis
1209 3712 1350 3794 princeps

127 3778 153 3821 '¹'
165 3779 185 3807 ¹¹
284 3794 389 3855 mundi
414 3794 554 3854 mittatur
578 3793 671 3871 foras,
691 3814 708 3853 a
729 3814 789 3875 quo
814 3814 934 3853 necesse
957 3803 1003 3852 cst
1016 3813 1087 3854 vasa
1116 3796 1179 3854 irae
1209 3795 1350 3878 posside·

284 3889 383 3940 antur.

187 4021 192 4034 ,
368 3975 398 4030 9.
440 3960 496 4021 ΕΤ
507 3982 532 4022 c.
547 3974 614 4030 29st
636 3961 701 4020 Hos
717 3961 774 4033 iste
789 3960 898 4021 audeat
917 3958 1017 4018 dicere
1036 3959 1243 4039 Manichacus,
1267 3963 1353 4041 (Ama

110 4023 275 4112 {miiaiii'iiio
285 4046 423 4107 brasium
444 4058 475 4104 et
499 4047 686 4128 Cypriorum
707 4044 864 4127 intelligit)
887 4054 917 4102 et
939 4047 1176 4129 antiquissimam
1199 4047 1353 4109 Ecclesiae

108 4168 271 4222 mmmm,
285 4131 483 4192 traditionem
509 4133 568 4189 isto
591 4128 712 4188 nefario
738 4130 861 4188 crimine
886 4127 1068 4213 adspergat,
1093 4152 1152 4212 qua
1176 4134 1353 4192 exorcizan-

109 4218 230 4258 aeaeae.
284 4227 337 4277 tur
349 4227 387 4277 et
404 4215 598 4278 exsufflantur
616 4213 756 4298 parvuli,
775 4223 813 4275 ut
828 4213 861 4273 ia
877 4232 1007 4297 reguum
1025 4214 1188 4281 CHRISTI
1205 4236 1225 4278 a
1246 4226 1353 4301 potes·

18 4312 20 4323 Ι
107 4266 215 4309 truditIo.
