2790 4792
168 384 171 389 .
274 326 355 397 266
523 315 605 381 DE
649 312 1115 380 SACRAMENTO

277 506 480 587 rapinamque
503 501 698 580 reddiderit,
724 503 764 569 iu,
773 503 924 565 mandatis
943 504 1025 564 vitae
1049 500 1279 584 ambulaverit,
1302 530 1350 571 nec

277 611 387 672 lecerit
422 610 590 692 quidquam
614 611 782 691 injustumr
812 612 874 671 vita
903 612 1008 686 viret,
1040 622 1072 670 et
1104 630 1172 669 nou
1192 617 1349 678 morietur.

280 718 390 778 tininia
410 731 537 801 peccata
557 720 648 797 ejus,
668 738 745 799 quae
766 719 921 800 peccavit,
953 740 1018 779 non
1038 715 1289 802 imputabuntur
1310 724 1350 786 ei:

278 827 429 907 judicium
445 838 475 887 et
492 826 644 907 justitiam
661 823 738 886 secit
748 867 759 907 ,
785 825 849 886 vita
868 826 957 885 viret.

626 1040 1003 1106 PATRES.

365 1240 393 1296 t.
436 1224 669 1290 AMBROSIUS
691 1221 814 1313 scripsit
834 1220 911 1281 ‹luos
930 1222 1064 1305 integros
1092 1221 1195 1285 libros
1218 1223 1259 1284 de
1278 1247 1350 1309 poe-

281 1312 430 1387 nitentia,
463 1310 501 1372 de
537 1310 651 1393 quibus
674 1310 727 1369 «ita
750 1306 891 1388 loquitur
919 1307 949 1363 in
977 1307 1082 1388 psalm·
1105 1320 1179 1376 307-
1206 1309 1349 1388 scribens,

281 1399 312 1457 in
333 1397 542 1479 praefatione:
577 1395 623 1454 Dc
644 1393 834 1477 poenitentia
852 1390 931 1449 duos
947 1392 1010 1469 jam
1032 1391 1152 1451 dudum
1178 1396 1290 1476 scripsi
1316 1396 1350 1454 li-

281 1480 394 1542 bellos:
418 1494 449 1543 et
472 1484 584 1541 iterum
606 1477 802 1539 scribendum
828 1475 971 1536 arbitror.
1013 1477 1171 1552 Primum,
1201 1481 1276 1560 quia
1293 1481 1350 1540 uti·

116 1589 244 1641 ntnnpro.
282 1565 310 1625 le
336 1566 445 1627 estvel
468 1564 608 1646 quotidie
627 1552 742 1623 vcriiam
762 1559 944 1621 delictorum
959 1562 1099 1641 precari:
1138 1560 1254 1622 deinde
1274 1584 1349 1644 quo-

106 1638 157 1679 lffl
177 1651 244 1687 ‘'W‘'
281 1654 361 1709 niani
393 1653 424 1709 in
460 1649 518 1708 illis
555 1648 677 1708 duobus
703 1646 844 1719 libellis,
876 1638 1052 1704 adhortatio
1075 1647 1285 1725 poenitentiae
1305 1647 1348 1705 vel

101 1693 256 1823 dlirlllll'jp
279 1734 436 1815 profectus
465 1745 529 1809 est,
562 1735 586 1791 si
612 1744 755 1815 geratur:
777 1750 859 1789 nune
880 1740 990 1805 autem,
1014 1730 1275 1809 quemadmodum
1303 1733 1347 1812 agi

102 1798 202 1889 iltiriii.
278 1820 466 1899 procuitentia
496 1817 624 1892 debeat,
656 1815 886 1898 exprimendum
917 1825 970 1873 est.
1013 1812 1099 1872 Nihil
1122 1818 1206 1874 enim
1228 1814 1347 1900 prodest

96 1902 99 1907 ’
278 1920 389 1983 agere,
409 1902 468 1958 nisi
488 1903 535 1960 ita
546 1913 666 1982 agatur,
689 1911 726 1960 ut
741 1910 874 1980 oportet.

358 2018 386 2071 2.
429 2003 684 2070 AUGUSTINUS
706 2003 762 2069 lib.
785 2017 812 2069 1.
836 2004 873 2061 de
895 2003 1070 2062 adulterinis
1104 2005 1259 2087 conjugiis
1280 2023 1342 2084 cap.

100 2100 346 2169 resonasse-atta
387 2087 474 2163 Quae
513 2099 612 2149 autem
634 2078 839 2170 baptismatis,
867 2087 970 2144 eadem
1003 2089 1262 2149 reconciliationis
1296 2098 1341 2144 est

97 2158 251 2252 ,¹¹12{,¹,¹.¹2¹,''‚¹'1ll.'
279 2192 368 2233 causa
383 2194 404 2257 ,·
426 2175 450 2232 si
470 2173 550 2233 forte
567 2176 773 2256 poenitentem
791 2170 942 2230 liniendae
972 2175 1050 2231 vitae
1066 2174 1237 2254 periculum
1250 2189 1338 2253 prae-

100 2257 266 2347 ssssgfflt‘ffigt·
279 2260 483 2342 occupaverit
539 2257 602 2319 Nec
637 2261 720 2341 ipsos
745 2258 832 2325 ¹enim
868 2277 902 2315 cx
939 2254 996 2315 hac
1015 2261 1076 2317 vita
1092 2261 1163 2320 sine
1189 2274 1339 2316 arrasuae

100 2354 256 2397 neeessariam
277 2345 362 2427 pacis
381 2346 461 2407 exire
487 2342 563 2404 velle
584 2342 677 2404 debet
697 2355 791 2405 mater
812 2340 958 2400 Ecclesia.

100 2411 266 2516 ”ilianum
362 2440 392 2495 3.
436 2426 543 2488 IDEM
564 2427 616 2489 lib.
640 2443 672 2495 2.
695 2434 847 2510 capss'tfa:
878 2424 910 2484 Si
931 2436 1030 2484 autem
1061 2424 1239 2488 accusando
1263 2423 1347 2486 adul-

99 2536 113 2563 ι
134 2524 251 2581 rapina»
277 2522 373 2572 teram
392 2513 554 2589 occiderit,
577 2513 637 2574 hoe
660 2526 837 2597 peccatam,
860 2514 1006 2591 quoniam
1026 2520 1218 2570 transactum
1245 2523 1299 2582 est,
1318 2523 1346 2568 et

98 2585 264 2662 llllllllllll
278 2597 309 2654 in
342 2615 378 2655 eo
412 2617 475 2655 non
504 2611 718 2678 permanetur,
751 2611 795 2659 et·
813 2597 839 2656 si
867 2594 1123 2655 acatechumeno
1155 2597 1344 2669 factumest,

98 2675 263 2760 iiiin⁸l¹¹lffis’
276 2677 456 2760 baptismate
490 2679 646 2742 abluitur:
675 2694 705 2742 et
734 2685 759 2740 si
784 2703 801 2741 a
832 2680 1004 2763 baptizato,
1027 2681 1221 2761 poenitentia
1249 2692 1281 2740 et
1298 2699 1345 2739 re-

98 2767 215 2825 b²r¹i¹a¹0
225 2778 265 2817 pn
275 2762 490 2821 conciliatione
518 2779 649 2824 sanatur.

97 2818 235 2905 baptismum

99 2865 230 2922 saunas„
368 2857 397 2913 a.
441 2834 669 2908 CONClLlUM
687 2848 827 2909 bateran.
848 2868 987 2930 magnum
1008 2868 1034 2906 c.
1064 2859 1112 2912 t·=
1137 2849 1170 2909 Si
1190 2862 1269 2931 post
1278 2870 1344 2909 sus·

97 2915 453 3013 ftttssttttsseepapnem
478 2930 619 3013 baptismi
643 2935 804 3014 quisquam
823 2932 988 3013 prolapsus
1006 2932 1100 2991 suerit
1124 2932 1157 2992 in
1177 2949 1345 3016 peccatum,

97 3010 331 3104 ‘uilfffitffip'er
355 3036 456 3077 ueram
479 3019 697 3097 poenitentiam
718 3037 836 3101 semper
857 3029 959 3097 potest
987 3017 1131 3097 reparari.

100 3075 115 3117 q
334 3112 387 3171 ᾓὸ.
431 3098 659 3162 CONCILIUM
692 3102 905 3164 Tridentinum
939 3122 1005 3182 cap.
1038 3114 1067 3165 2.
1116 3104 1255 3162 sessione
1279 3117 1341 3171 aa:

272 3174 433 3246 Caeterum
460 3184 523 3247 hoe
556 3203 776 3247 sacramentum
808 3185 911 3244 multis
945 3183 1116 3244 rationibus
1151 3180 1342 3270 abaptismo

272 3268 397 3330 disicere
433 3268 648 3353 dignoscitur5
680 3293 749 3331 nam
783 3283 1026 3353 praeterquam,
1051 3269 1138 3348 quod
1161 3275 1292 3333 materia
1314 3282 1343 3331 et

271 3353 389 3430 forma,
435 3354 548 3435 quibus
588 3359 767 3417 sacramenti
799 3357 927 3414 essentia
951 3350 1129 3436 perficitur,
1170 3354 1344 3439 longissime

272 3439 419 3499 dissidet:
459 3452 580 3499 constat
610 3453 708 3517 certe,
743 3440 886 3522 baptismi
920 3440 1094 3497 ministrum
1112 3438 1255 3517 judicem
1283 3459 1343 3500 esse
1371 3475 1376 3491 .

97 3558 176 3599 m„
196 3544 334 3599 maon
354 3532 510 3605 oportere:
533 3547 601 3583 euni
621 3525 757 3601 Ecclesia
783 3527 813 3582 in
844 3526 992 3581 neminem
1016 3522 1169 3601 judicium
1195 3534 1342 3596 exerceat,

96 3609 180 3648 rearis.
273 3609 323 3686 qui
349 3628 410 3666 non
426 3609 511 3689 prius
534 3611 563 3668 in
583 3612 677 3691 ipsam
697 3630 755 3692 per
771 3609 911 3691 baptismi
930 3609 1053 3687 januam
1069 3607 1164 3667 suerit
1181 3611 1341 3687 ingressus.

272 3690 357 3767 Quid
380 3691 575 3768 euimmibi,
598 3697 699 3774 inquit
717 3694 741 3752 Α
757 3693 909 3762 rostolus,
939 3691 978 3750 de
998 3693 1050 3762 iis,
1080 3695 1134 3771 qui
1156 3692 1238 3752 soris
1263 3705 1342 3768 sunt,

97 3794 217 3849 suut.
270 3774 441 3857 judicare?
484 3777 577 3839 Seeus
608 3792 652 3839 est
682 3779 722 3839 de
746 3717 921 3838 bomestieis
952 3773 1047 3850 fidei,
1089 3797 1166 3856 quos
1199 3777 1342 3839 Christus

271 3860 421 3939 Dominus
443 3860 566 3924 lavacro
582 3862 728 3946 baptismi
747 3865 794 3923 sui
814 3861 953 3942 corporis
970 3859 1103 3919 membra
1124 3861 1216 3920 semel
1229 3863 1341 3927 effecta

98 3958 341 4009 aeonum-nam
360 3942 436 4019 bos,
458 3948 484 4006 si
504 3968 537 4008 sc
556 3938 663 4030 postea
685 3949 811 4006 erimine
835 3946 939 4025 aliquo
960 3947 1253 4019 contaminaverint,
1276 3965 1342 4005 nou

166 4026 172 4041 '
272 4028 334 4107 iam
355 4031 484 4110 repetito
509 4032 663 4113 baptismo
681 4033 789 4101 ablui,
816 4050 885 4090 caim
919 4027 952 4086 id
976 4030 1007 4086 in
1030 4029 1165 4088 Eeclcsia
1190 4029 1344 4097 catholiea

271 4110 359 4171 nulla
386 4115 503 4173 ratione
535 4115 648 4192 liceat,
682 4117 737 4177 sed
758 4113 910 4175 antehoc
943 4112 1082 4175 tribunal
1102 4125 1251 4193 tauquam
1278 4134 1345 4175 reos

272 4196 339 4259 sisti
360 4195 478 4274 voluit,
510 4210 547 4260 ut
577 4220 635 4285 per
650 4200 843 4263 sacedotum
866 4199 1045 4260 mutantium
1066 4219 1129 4259 nou
1160 4202 1273 4277 sonet,
1292 4197 1345 4261 sed
