2790 4792
190 308 315 397 xrm
397 251 410 381 ζ
481 298 1066 368 nusacaauanao

67 511 164 572 aaaron,
184 520 233 559 aa.
244 485 401 548 celebrare
421 503 485 545 non
511 483 603 559 licet,
623 487 680 549 nisi
701 487 733 546 in
752 485 822 561 his,
846 486 878 547 iu
903 487 1015 568 quibus
1035 484 1212 570 Episcopus
1232 504 1310 571 pro·

68 564 101 607 ²¹⁸
114 563 185 607 Μ’·
245 573 333 656 prius
364 572 514 652 jusserit,
541 580 595 629 aut
623 570 661 629 ab
684 570 841 653 Episcopo
864 571 1046 656 regulariter
1069 571 1231 645 ordinato,
1264 582 1309 629 te·

248 666 339 716 nente
372 654 519 715 videlicet
546 655 718 731 civitatem,
753 669 948 716 consecratus
976 655 1076 715 luerit.
1118 653 1216 713 Aliter
1236 655 1309 713 enim

250 761 315 801 nou
336 750 407 798 sunt
427 737 504 798 haec
526 738 664 821 agenda,
698 760 754 799 nec
773 742 832 800 rite
855 739 1057 816 celebranda,
1091 739 1223 798 docente
1257 757 1308 798 nos

76 844 333 911 rasponumuovo
353 834 383 883 et
402 825 496 882 veteri
525 835 713 884 testamento.
765 825 847 883 Haeo
868 823 1010 907 Apostoli
1030 844 1047 882 a
1068 823 1205 882 Domino
1230 841 1309 880 aoce-

77 904 385 996 {ssmffldlfiffipeaunn
408 918 439 966 et
458 907 547 966 nobis
575 907 785 970 tradiderunt:
807 907 882 968 haec
904 929 958 968 nos
980 908 1145 982 docemus,
1167 906 1310 986 vobisque
1351 924 1353 929 ·

110 984 117 998 ’
254 1007 286 1054 ct
309 990 449 1051 omnibus
473 992 587 1072 absque
616 988 854 1073 reprehensione
876 1004 978 1054 tenere
1001 1003 1031 1052 et
1047 992 1161 1051 docere
1173 1034 1182 1067 ,
1207 989 1309 1071 quibn's

254 1077 404 1160 agendum
426 1086 491 1151 est,
513 1076 698 1135 mandamns.
791 1112 794 1121 ·

340 1165 368 1223 8.
410 1159 615 1219 IRENAEUS
637 1160 704 1220 adv.
726 1160 899 1221 haeres-L.
921 1160 977 1225 lv.
999 1181 1026 1219 c.
1047 1172 1115 1225 32:
1137 1157 1200 1217 Sed
1219 1156 1310 1218 etsuis

257 1244 417 1326 discipulis
444 1245 517 1303 dans
541 1244 711 1320 consilium,
733 1248 882 1327 primitias
897 1246 965 1304 Deo
986 1243 1094 1303 offerre
1111 1264 1146 1302 ex
1161 1245 1223 1301 suis
1238 1240 1311 1300 clea-

257 1331 352 1403 turis,
374 1348 437 1387 non
459 1331 546 1409 quasi
560 1329 724 1412 indigenti,
761 1329 814 1388 sed
834 1341 869 1388 ut
889 1331 948 1410 ipsi
969 1348 1024 1387 nec
1046 1326 1246 1402 infructuosi,
1265 1341 1312 1384 nes

261 1415 371 1496 ingrati
405 1414 482 1488 sint,
514 1434 603 1490 eum,
638 1417 692 1494 qui
715 1434 749 1472 ex
769 1425 906 1473 creatura
929 1415 1016 1494 panis
1037 1424 1097 1487 est,
1134 1412 1270 1491 accepit,
1287 1415 1313 1464 et

86 1514 203 1581 urimo.
211 1517 252 1581 20,
265 1501 373 1582 gratias
400 1498 482 1579 egit,
526 1497 649 1558 dicens:
682 1499 750 1559 Hoc
785 1509 830 1557 est
850 1519 950 1556 mcum
976 1515 1095 1578 corpus.
1139 1495 1182 1553 Et
1205 1494 1313 1553 calicem

86 1569 254 1661 Qffissfm
265 1582 426 1656 similiter,
460 1582 514 1661 qui
528 1593 581 1641 est
603 1601 638 1640 ex
658 1603 692 1642 ea
719 1595 857 1642 creatura
869 1628 878 1660 ,
916 1601 981 1662 qnae
1000 1595 1045 1639 cst
1063 1578 1233 1639 seeundum
1259 1595 1314 1650 nos,

60 1665 353 1726 ·'³⁰'³¹¹¹d⁰⁰¹¹1²suum
387 1667 559 1746 sanguinem
588 1667 744 1727 confessus
769 1678 834 1742 est,
865 1678 895 1726 et
924 1667 995 1726 novi
1021 1665 1191 1724 testamenti
1218 1679 1316 1721 novam

87 1717 241 1764 oblationem,
350 1750 356 1762 ,
481 1750 487 1761 ,
844 1753 849 1765 ,
1087 1751 1094 1762 ,
1185 1750 1191 1761 .
1217 1748 1224 1761 .
1292 1745 1298 1757 .

87 1777 155 1824 qpam
172 1767 253 1807 uecte-
266 1751 373 1810 docuit
393 1748 598 1823 oblationem,
621 1771 711 1831 qnam
733 1750 870 1810 Ecclesia
892 1749 930 1810 ab
956 1748 1110 1831 Apostolrs
1128 1766 1279 1830 accipiens
1291 1762 1316 1800 m

89 1816 161 1855 oiaah
180 1815 241 1866 apo.
312 1835 317 1846 ·
800 1835 806 1847 .
896 1836 902 1848 .
959 1837 965 1849 .
1156 1833 1161 1844 .

93 1852 408 1915 ,tolnawipaumverso
427 1832 542 1891 mundo
564 1833 653 1894 offert
675 1835 759 1909 Deo,
782 1856 828 1910 cr,
851 1855 905 1915 qui
929 1835 1066 1893 alimenta
1088 1831 1179 1891 nobis
1196 1835 1319 1913 praestat

89 1913 238 2003 ,papan
266 1917 414 2000 primitias
443 1935 570 1974 snorum
597 1937 758 1975 munerum
792 1918 824 1974 in
852 1939 932 1976 novo
968 1928 1169 1989 testamenm,
1194 1916 1242 1974 de
1268 1929 1319 1994 quo
1353 1970 1358 1978 ,

265 2003 296 2060 in
318 1998 481 2063 duodecim
499 1992 837 2082 prophetisMalachias
861 1999 1183 2084 sicpraesignilicavit:
1204 2000 1320 2058 Nonest

264 2082 339 2144 mihi
360 2081 502 2144 voluntas
532 2085 564 2142 in
584 2082 691 2159 vobis,
726 2084 801 2143 dicit
825 2085 973 2144 Dominus
995 2087 1204 2166 omnipotens,
1236 2094 1321 2141 etsa·

266 2165 414 2228 orificium
441 2187 504 2227 non
536 2168 682 2250 accipiam
710 2167 747 2227 dc
774 2168 913 2228 manibus
945 2173 1070 2230 vestris:
1106 2169 1262 2242 Quoniam
1289 2160 1319 2223 ab

93 2254 255 2306 uocauere·
267 2262 340 2315 ortu
359 2250 432 2312 solis
451 2272 549 2332 usque
574 2251 613 2312 ad
625 2272 778 2319 ,occasum
798 2273 907 2313 nomen
928 2276 1027 2314 meum
1049 2249 1244 2336 glorificatur
1256 2253 1323 2322 inter

175 2394 180 2403 ,
267 2349 389 2422 gentes,
420 2337 501 2396 etin
523 2337 605 2398 omni
627 2336 698 2399 loco
721 2339 874 2396 incensum
896 2338 1023 2398 offertur
1045 2336 1159 2396 nomini
1178 2355 1270 2410 meo,
1301 2340 1325 2391 et

266 2419 449 2482 sacrificium
470 2441 601 2502 purum:
636 2421 790 2498 Quoniam
811 2443 952 2506 magnum
973 2434 1018 2482 est
1042 2441 1162 2499 nomen,
1180 2438 1282 2478 mcum
1299 2417 1325 2474 iu

240 2535 244 2550 ¹
266 2504 427 2590 gentibus,
449 2505 530 2565 dicit·
547 2508 698 2567 Dominus
717 2508 922 2590 omnipotens:
952 2505 1193 2565 manifestissime
1215 2497 1325 2585 signill-
1361 2562 1362 2566 ,

266 2609 338 2651 cans
359 2610 417 2671 per
435 2585 687 2671 haec,'qnoniam
706 2593 794 2674 prior
813 2591 936 2672 quidem
948 2589 1223 2674 populuscessavit
1240 2584 1326 2644 offer·

266 2694 300 2734 re
321 2674 408 2732 Deo:
444 2675 526 2732 omni
566 2686 666 2734 autem
696 2673 962 2736 locosacrificium
994 2673 1123 2733 offertur
1141 2674 1187 2748 ei,
1222 2681 1260 2730 et
1272 2669 1327 2728 hoc

29 2798 33 2807 ⁴
95 2862 113 2903 a
158 2862 193 2904 tl
268 2776 401 2908 pomp,
422 2757 959 2908 ffipsagtsepopljpssgpppficgmp
972 2756 1204 2902 slahgfiatrntp„
1217 2830 1327 2897 frusta

57 2901 62 2911 l
94 2873 310 3003 dffiffiiab
338 2923 492 3006 Apostolis
511 2924 660 2983 sancitum
688 2936 748 3000 est,
769 2937 804 2984 nt
829 2862 1327 2986 inealdbratidni'v'enerandornn

94 3017 253 3105 rmum·
270 3010 482 3085 mysteriorum
507 3008 654 3067 memoria
690 3005 744 3067 fiat
776 3030 898 3084 eorum,
935 3012 990 3092 qui
1024 3009 1096 3067 hine
1118 3007 1327 3066 discesserunt

95 3074 120 3102 ¹⁸
135 3073 174 3105 ’ω
238 3075 437 3242 ⁰'ploverunt,
458 3091 517 3153 illis
539 3091 667 3176 multum
685 3087 760 3152 hinc
783 3092 977 3154 emolumenti
1000 3091 1088 3168 fieri,
1120 3089 1251 3150 multum
1271 3088 1329 3148 uti·

282 3179 362 3242 itatis
382 3189 439 3238 etc.
761 3194 764 3199 ·
937 3181 939 3187 “

95 3283 190 3329 rtem.
354 3274 403 3330 10.
445 3260 550 3321 ΠῈΜ
581 3257 662 3321 hom·
690 3270 740 3327 69.
773 3258 815 3320 ad
844 3279 920 3342 pop.
949 3255 1113 3334 Antioch.,
1147 3255 1203 3316 ubi
1231 3252 1345 3315 eadenl-

37 3362 41 3373 '
268 3345 383 3416 habet3
404 3347 450 3405 sic
475 3346 553 3406 e'nim
570 3346 685 3427 inquit:
707 3343 776 3404 Non
792 3355 906 3404 temere
927 3343 965 3403 ab
987 3342 1144 3425 Apostolis
1164 3340 1242 3400 haec
1266 3357 1331 3397 san·

269 3434 329 3493 cita
349 3430 494 3502 fuerunt,
523 3442 560 3490 ut
584 3431 615 3488 in
637 3426 801 3499 tremendis
819 3430 969 3504 mysteriis
993 3426 1209 3486 defunctorum
1230 3420 1331 3506 agatnl

269 3514 526 3577 commemoratio.
580 3511 690 3573 Sciunt
712 3513 802 3589 enim,
824 3512 895 3571 inde
927 3512 985 3573 illis
1002 3509 1137 3569 'multum
1160 3510 1331 3589 contingere

267 3597 409 3674 lucrum,
440 3594 602 3656 utilitatem
635 3594 768 3656 multam.
827 3598 903 3656 Cum
942 3597 1019 3655 enim
1047 3605 1131 3654 totus
1160 3588 1331 3652 constiterit

266 3682 403 3766 populns
429 3681 557 3741 extensis
586 3680 743 3756 manibus,
775 3679 970 3741 sacerdotalis
999 3677 1181 3760 plenitudo,
1221 3686 1252 3735 et
1272 3685 1332 3733 tre·

253 3766 409 3839 ,mendum
427 3776 620 3847 proponatur
643 3762 850 3842 sacrificinm,
873 3763 1031 3846 quomodo
1051 3760 1152 3821 Deum
1174 3780 1239 3820 non
1260 3754 1331 3819 exo·'

266 3851 402 3914 rabimns
424 3870 482 3932 pro
504 3849 551 3908 his
576 3849 794 3930 deprecantes?
1011 3889 1014 3897 ,
1327 3842 1331 3858 '

215 3994 218 3999 .
350 3947 400 4003 Μ.
441 3930 623 3994 JOANNES
647 3929 851 3993 Damascenus
875 3929 907 3988 iu
946 3949 1086 3991 sermone
1112 3926 1151 3991 de
1170 3922 1331 4023 defunctis,

264 4020 345 4096 sive,
377 4016 550 4099 qnod,'qui
576 4018 605 4075 in
628 4013 690 4077 fide
711 4015 785 4076 hinc
805 4015 994 4096 migrarunt,
1028 4014 1121 4075 sacris
1144 4007 1333 4094 operationis

261 4102 321 4163 bus
344 4115 374 4165 et
394 4103 537 4162 vivorum
556 4098 712 4160 beneficiis
735 4100 864 4159 multum
890 4097 1048 4176 jurentur.
1091 4098 1165 4158 Divi
1189 4087 1354 4174 Apostoli

164 4208 167 4213 ·
261 4186 407 4274 discipuli
427 4182 607 4262 salvatoris,
628 4186 683 4267 qui
700 4195 804 4246 totum
824 4179 930 4243 mundi
947 4180 1100 4243 'circulum
1116 4181 1221 4241 vivum
1239 4170 1334 4260 cepe-¹
