2790 4792
35 290 40 299 ’
150 346 205 400 .·
284 341 364 414 nu
532 327 1121 402 nusaeaauuure

455 521 523 596 sed
551 521 660 595 etiam
687 510 1012 599 'emendatioribus
1047 515 1157 590 factis
1192 519 1341 618 operire

459 663 496 718 et
520 661 646 743 tegere
672 641 809 721 delicta
833 642 1039 740 superiora,
1062 656 1106 711 nt
1130 641 1167 713 ei
1183 668 1266 714 non
1281 645 1340 716 ini.

112 811 135 857 n
155 805 197 897 ag
214 806 438 902 vgpfflrnffi.
459 786 609 868 putetur
632 783 834 866 peecatum.
897 767 1019 859 Atque
1056 745 1157 834 idem
1199 764 1340 837 alibi2⁶

111 873 162 912 a..
199 884 205 895 .
293 872 299 895 ι
369 869 399 895 ..

113 906 281 965 daroenitent»
295 916 346 957 mr·
367 910 388 949 2·
461 887 606 964 Grandi
631 888 764 987 plagae
791 887 865 959 alta
896 903 932 958 et
967 885 1112 981 prolixa
1148 912 1249 986 opus
1291 906 1341 962 est

458 1013 653 1087 medicina.
704 988 855 1081 Grande
871 1006 993 1082 scelus
1010 1007 1191 1104 grandem
1216 1036 1342 1085 neces·

461 1137 595 1208 sariam
619 1131 732 1205 habet
766 1131 1064 1204 satisfactionem.
1116 1136 1174 1204 Ita
1201 1133 1342 1206 demum

112 1295 134 1336 n
147 1285 234 1329 nomn.
254 1291 287 1330 n.
302 1282 325 1324 n
345 1291 441 1334 evan·-
465 1256 689 1354 Gregorius:
711 1261 722 1298 r
749 1254 991 1354 cogitandum
1014 1271 1070 1327 est
1093 1279 1341 1356 summopere,

112 1340 152 1380 lia.
178 1336 237 1379 Vide
261 1333 393 1375 Emisennrn
412 1327 442 1369 ad

113 1387 255 1430 monachor.
278 1381 372 1423 homilia
385 1388 403 1424 5.
417 1384 441 1439 ,⁶²
463 1399 516 1472 ut,
543 1380 609 1479 qui
630 1404 671 1453 80
695 1376 827 1450 illicita
861 1378 1024 1449 meminit
1047 1379 1303 1465 CommisslSSG)
1324 1405 1346 1453 E

112 1447 145 1482 10.
171 1436 228 1474 trem
239 1431 441 1472 Theodorsturuin

114 1487 213 1538 epitome
243 1482 371 1521 divinorum
403 1477 441 1518 de.

113 1539 171 1576 ern.
185 1544 233 1583 cap.
252 1529 279 1569 de
299 1529 442 1581 poenitens
517 1501 685 1576 ibusdam
704 1498 814 1573 etiam
839 1500 951 1573 licitis
976 1500 1123 1573 studeat
1145 1499 1344 1588 abstinere,

115 1590 139 1622 at
147 1583 188 1622 lib.
199 1589 218 1626 t.
229 1579 396 1619 haereticarum
407 1574 442 1620 s..

112 1633 218 1675 anum
234 1627 395 1670 dmm*
465 1647 646 1727 quatenus
671 1650 739 1726 per
751 1625 823 1697 hoe
840 1623 1027 1696 conditori
1043 1649 1112 1696 ano
1136 1625 1344 1701 satisfaciat

632 1868 1009 1935 PATRES.

187 2142 191 2149 ,
372 2087 400 2140 l·
440 2075 477 2134 A.
520 2073 746 2136 CYPRIANUS
767 2082 797 2137 in
818 2097 955 2138 sermone
968 2075 1016 2135 vel
1035 2087 1173 2136 tractatu
1191 2073 1338 2161 quintode

287 2159 397 2244 lapsis:
431 2162 523 2221 ,Deus
547 2174 692 2242 qnantum
718 2164 814 2244 patris
838 2165 948 2246 pietate
976 2158 1140 2244 indulgens
1163 2172 1204 2222 ttt
1224 2171 1277 2220 etc.
1303 2169 1336 2218 ut

287 2247 320 2306 in
339 2256 431 2305 textu.

114 2393 225 2434 mum,
240 2396 264 2431 ,ι
372 2367 400 2419 2.
443 2353 550 2412 IDEM
571 2353 638 2413 Lib.
664 2353 688 2413 Ι.
711 2351 918 2436 epistolarum,
950 2354 1034 2434 epist.
1062 2364 1090 2418 4.
1113 2352 1155 2411 ad
1175 2349 1347 2413 Cornelium
1376 2394 1378 2399 η

120 2439 262 2530 registrare-
289 2437 417 2519 loquens
442 2437 479 2497 de
503 2437 679 2498 haereticis:
721 2440 819 2522 Super
841 2437 916 2496 haec
939 2458 999 2494 nou
1027 2434 1243 2517 indignabor?
1280 2434 1346 2495 dicit

113 2501 276 2583 iibriiiii'
289 2523 448 2582 Dominus.
490 2521 532 2580 Et
545 2523 746 2598 intercedunt,
764 2545 802 2583 ne
822 2533 946 2604 rogetur
966 2521 1059 2590 Deus,
1075 2522 1131 2599 qui
1155 2520 1307 2604 indignari
1320 2538 1347 2578 se

102 2612 105 2617 ’
290 2609 356 2687 ipse
370 2618 507 2664 testatur.
540 2607 747 2681 Intercedunt,
768 2628 805 2666 nc
825 2619 966 2666 exoretur
994 2603 1140 2686 precibus
1162 2615 1196 2663 et
1218 2603 1347 2665 satisfat-

290 2689 424 2747 tiouibus
446 2689 599 2764 Christus,
628 2694 680 2770 qui
701 2705 858 2773 negantem
880 2711 911 2748 se
931 2710 1039 2771 negare
1063 2685 1248 2768 profitetur.
1285 2687 1345 2747 ‘Nos

289 2774 320 2830 in
346 2774 413 2852 ipso
433 2775 650 2851 persecutionis
671 2788 808 2854 tempore
833 2775 871 2832 de
893 2773 954 2832 hoc
979 2774 1046 2852 ipso
1071 2770 1177 2830 literas
1208 2773 1344 2843 misimus,

288 2877 345 2914 nee
363 2856 457 2914 auditi
483 2876 607 2916 sumus:
629 2859 760 2920 concilio
785 2859 962 2938 frequenter
984 2869 1053 2915 acto
1072 2876 1136 2914 non
1152 2857 1348 2917 consensione

288 2951 405 2998 tantum
428 2950 542 3016 nostra,
562 2940 615 2999 sed
639 2954 668 3000 et
692 2944 922 3001 commiuatione
943 2941 1152 3015 decrevimus,
1182 2935 1229 2999 ut'
1247 2939 1346 3023 poeui-

288 3027 412 3084 tentiam
433 3023 543 3082 fratres
562 3021 693 3106 agerent,
714 3039 748 3085 ut
770 3026 987 3107 poenitentiam
1006 3043 1067 3081 nou
1087 3023 1254 3104 agentibus
1266 3037 1344 3082 neme

288 3120 400 3168 temere
418 3129 523 3189 pacem
549 3108 643 3169 daret.
684 3109 723 3169 Ei
742 3110 788 3169 illi
808 3118 915 3168 contra
938 3110 1037 3168 Deum
1062 3106 1226 3190 sacrilegi,
1249 3119 1347 3169 eentrt

290 3192 462 3252 sacerdotes
486 3193 545 3252 Dei
564 3195 659 3274 impio
683 3194 790 3254 furore
812 3194 973 3265 temerarii,
990 3192 1028 3252 de
1050 3190 1189 3250 Ecclesia
1210 3191 1347 3251 receden-

289 3287 345 3353 tes,
369 3289 399 3336 et
429 3290 538 3351 eontra
567 3277 732 3336 Ecclesiam
755 3277 946 3360 parricidalia
967 3296 1049 3334 arma
1069 3272 1231 3352 tollenteS,
1249 3274 1347 3336 elabe-

290 3372 361 3420 rant
386 3363 435 3437 (ut
455 3381 534 3441 opus
554 3382 643 3421 suum
665 3361 781 3422 diaboli
805 3361 918 3420 malitia
942 3361 1164 3436 consumment)
1192 3380 1234 3420 ne
1248 3359 1347 3419 vulne·

229 3507 256 3519 ,¹
290 3457 374 3504 ratos
397 3444 497 3505 divina
517 3445 672 3505 clementia
690 3448 720 3506 in
736 3446 861 3505 ecclesia
873 3464 927 3503 sna
947 3454 1053 3502 curet:
1076 3444 1264 3503 miserorum
1280 3463 1347 3527 poc·

116 3507 278 3608 32¹Jiiiffiii,
291 3531 444 3588 nitentiam
465 3528 691 3589 mendaciorum
714 3551 839 3590 suorum
859 3527 968 3588 fraude
989 3539 1202 3607 corrumpunt,
1226 3550 1265 3588 ne
1289 3529 1348 3601 Dee

118 3608 198 3646 ”⁰⁰²⁰
208 3606 280 3655 ΜΨ·
292 3613 460 3694 indignanti
480 3610 614 3688 satisfiat,
632 3635 670 3673 ne
690 3614 843 3674 Christum
865 3614 1030 3672 Dominum
1051 3630 1155 3682 suum,
1182 3615 1241 3691 qui
1268 3610 1350 3671 Chri·

117 3657 182 3694 nanti
200 3656 268 3694 satis·

119 3699 406 3792 {adsecutus-manus
430 3717 492 3756 esse
515 3696 562 3754 vel
587 3698 711 3757 erubuit
732 3712 810 3772 ante,
832 3699 879 3757 vel
902 3698 1011 3771 timuit,
1033 3694 1232 3778 postmodum
1262 3715 1350 3779 quae·

120 3803 225 3859 nonanus
244 3801 283 3860 5¹⁰·
296 3794 358 3841 rat:
379 3803 416 3839 ue
434 3782 472 3840 ad
485 3780 658 3857 Ecclesiam,
674 3785 727 3864 qui
740 3782 777 3841 de
787 3782 922 3842 Ecclesia
930 3790 1101 3852 recesserat,
1116 3777 1244 3840 redeat:
1259 3781 1351 3839 Datur

119 3847 260 3950 ξζᾯηῇὼ·
297 3887 410 3948 opera,
442 3886 478 3924 ne
502 3865 757 3926 satisfactionibus
788 3877 818 3925 et
838 3864 1103 3926 lamentationibus
1123 3863 1215 3941 justis
1248 3864 1353 3923 delict«

295 3948 504 4025 redimantur,
537 3972 575 4010 ne
594 3951 718 4010 vulnera
744 3951 881 4027 lacrymis
903 3949 1076 4010 abluantur.
1119 3946 1184 4005 Pax
1210 3969 1283 4011 vera
1302 3942 1363 4023 fal-¹

297 4053 346 4092 sae
371 4035 453 4114 pacis
474 4035 630 4095 mendacio
649 4035 784 4095 tollitur:
805 4034 945 4094 salutaris
971 4035 1053 4092 sinus
1079 4032 1184 4090 matris
1196 4037 1357 4106 ,noverca

298 4117 514 4194 intercedente,
532 4119 756 4201 praecluditur,
780 4139 819 4178 ne
840 4117 878 4178 de
900 4127 1026 4201 pectore
1059 4126 1152 4197 atque
1177 4122 1240 4179 ore'
1260 4115 1358 4202 lapso·

244 4254 248 4261 .
301 4219 369 4261 rum
386 4200 472 4262 fletus
487 4212 519 4262 et
540 4205 668 4287 gemitus
687 4202 837 4266 audiatur.
