2782 4786
263 420 273 449 Ι

239 323 359 409 tos
505 324 583 388 na
622 270 1084 394 sacramanto

245 537 294 578 ras
301 537 309 584 ;
334 515 388 595 qui
411 514 489 573 enim
510 511 576 572 vult
593 529 688 593 capax
710 511 884 589 esse‘vsrbi,
902 508 986 594 quod
1005 509 1045 570 de
1065 510 1211 571 castitate
1227 514 1304 595 posi·

244 614 311 661 tum
334 611 388 671 est,
408 609 491 679 petat
514 595 641 655 credens
658 595 782 669 dicenti,
808 608 838 655 et
857 599 991 678 accipiet,
1015 616 1082 654 non
1108 595 1246 656 dubitans
1263 600 1296 660 de

246 685 312 760 illo,
331 683 415 764 quod
439 681 554 739 dictum
571 692 637 739 estc
680 678 796 754 Omnis,
819 682 872 759 qui
890 683 974 762 petit,
1000 682 1134 762 accipit.
1181 680 1251 756 Quis
1262 698 1294 745 est

241 789 333 850 ergo,
359 768 414 845 qui
441 762 538 845 petit?
573 766 628 843 qui
656 763 757 823 credit
788 763 911 822 Christo
932 764 1066 825 dicentit
1117 765 1155 823 Si
1177 769 1295 827 steteritis

242 863 373 924 orantes,
390 849 514 924 credite,
539 849 683 929 quoniam
696 849 861 930 accipietis.
903 846 1003 923 Debet
1021 863 1143 926 antem,
1161 852 1213 930 qui
1233 854 1301 931 petit,

205 934 210 947 ¹
242 939 341 996 omnia
364 933 472 1006 facere,
491 944 639 1012 quantum
658 933 697 992 ad
716 953 758 1008 se,
780 943 815 990 ut
834 944 901 992 oret
917 933 1037 1012 spiritu,
1058 946 1135 993 oret
1159 947 1189 993 et
1212 947 1305 1009 mente,

241 1039 357 1079 memor
377 1017 544 1098 Apostolici
560 1017 657 1091 verbi,
681 1015 768 1097 quod
790 1017 849 1075 ait:
890 1016 960 1074 Sine
972 1018 1203 1078 intermissione
1230 1040 1308 1078 oran·

68 1112 229 1157 atheas-⁵01⁷·
242 1118 296 1163 tes.
338 1101 420 1160 Utile
443 1113 489 1160 est
508 1113 608 1160 autem
631 1103 720 1177 scire,
740 1100 816 1181 quid
838 1099 948 1159 debeat
965 1114 1069 1187 petere
1090 1105 1178 1182 quis,
1200 1115 1236 1162 ut
1252 1126 1307 1161 me-

69 1212 195 1256 nuctus.
242 1200 347 1249 reatur
365 1189 520 1268 accipere;
543 1196 574 1244 et
594 1186 680 1266 quod
698 1187 757 1244 ait:
779 1186 858 1243 Dico
882 1184 981 1260 vobis,
1003 1189 1059 1244 etsi
1088 1208 1155 1245 non
1177 1187 1265 1247 dabit
1285 1190 1308 1246 ci

244 1291 382 1356 surgens,
399 1281 567 1354 propterea
591 1270 679 1349 quod
704 1270 816 1328 amicus
832 1281 876 1328 est
893 1271 970 1348 ejus,
990 1274 1094 1329 tamen
1116 1285 1245 1353 propter
1258 1275 1310 1330 im·

146 1409 149 1412 ,
242 1356 458 1447 portunitatem
472 1357 537 1434 ejus
554 1353 639 1413 dabit
659 1355 696 1432 ei,
718 1366 849 1433 quantos
870 1353 1009 1413 voluerit.
1053 1350 1231 1417 Et'addit:
1274 1356 1310 1416 Et

244 1436 300 1524 ego
323 1439 410 1497 vohis
436 1438 523 1497 dico:
565 1439 673 1513 Petite,
700 1449 730 1495 et
754 1438 877 1496 dabitur
898 1437 1005 1496 vobis:
1030 1445 1184 1520 quaerite,
1212 1453 1242 1512 et
1266 1441 1310 1498 in·

244 1526 385 1584 venietis:
407 1522 537 1605 pulsate,
559 1535 588 1582 et
604 1522 759 1604 aperietur
777 1521 874 1580 vobis.
918 1521 1024 1582 Omnis
1038 1526 1130 1602 enim,
1148 1527 1202 1607 qui
1221 1545 1309 1607 qnae·

246 1612 297 1686 rit,
317 1611 444 1668 invenit:
468 1619 498 1666 et
520 1607 653 1689 pulsanti
678 1607 841 1687 aperietur.
931 1658 933 1665 .

63 566 159 610 ibidem.

330 1754 359 1810 7.
400 1739 668 1801 HIERONYMUS
693 1745 726 1802 in
749 1754 787 1809 19
815 1763 879 1824 cap.
904 1738 1071 1800 Matthaei:
1116 1741 1187 1800 Non
1215 1762 1305 1801 omnes

40 1864 41 1868 ,
73 1849 161 1906 quisue
172 1846 237 1887 detur
248 1829 370 1910 capiunt
387 1826 514 1885 verbum
529 1823 620 1887 istud.
662 1826 758 1887 Nemo
775 1839 863 1909 putet
883 1824 939 1885 snb
956 1823 1125 1885 hocverbo
1146 1826 1192 1884 vel
1208 1826 1304 1896 fatum,

72 1898 230 1986 mltum
248 1911 295 1968 vel
317 1911 472 1969 fortunam
489 1909 659 1975 introduci=
680 1910 768 1993 quod
780 1911 813 1968 hi
836 1921 906 1969 sunt
925 1911 1066 1990 virgines,
1086 1909 1200 1991 quibus·
1216 1911 1306 1968 aDeo

17 2008 19 2011 “
73 1996 215 2039 ”mh-⁷⁹⁷·
254 1993 356 2064 datum
379 1993 427 2066 sit,
446 2005 499 2051 aut
519 2013 595 2072 quos
613 1996 738 2073 quidam
754 1995 792 2053 ad
813 1994 874 2053 hoc
892 2013 978 2052 casus
994 1993 1167 2052 adduxerit:
1186 1993 1239 2050 sed
1257 1992 1303 2048 liis

253 2077 356 2154 datum
383 2086 437 2149 est,
458 2077 511 2154 qui
534 2077 699 2156 petierunt,
725 2081 779 2158 qni
792 2079 975 2152 voluerunt,
995 2080 1044 2156 qui
1066 2089 1097 2133 nt
1118 2077 1292 2152 acciperent,

251 2159 473 2219 laboraverunt
516 2157 608 2218 Omni
627 2161 707 2219 enim
724 2166 839 2244 petenti
862 2161 995 2234 dabitur,
1010 2173 1038 2218 et
1053 2176 1193 2239 quaerens
1211 2159 1292 2213 inve-

250 2248 323 2321 niet,
347 2257 377 2302 et
397 2243 529 2324 pulsanti
543 2245 705 2325 aperietur.
746 2247 881 2305 Ibidem:
905 2246 1001 2319 Quasi
1016 2242 1153 2303 hortantis
1164 2260 1224 2298 vox
1232 2239 1296 2296 Do·

250 2331 325 2388 mini
344 2341 398 2402 est,
420 2340 450 2386 et
468 2326 575 2386 milites
599 2348 671 2389 suos
693 2329 733 2390 ad
754 2327 922 2412 pudicitiae
940 2331 1096 2409 praemium
1109 2325 1302 2385 concitantis:

75 2047 130 2084 Lue-
145 2053 177 2088 11,
191 2050 211 2084 9.

252 2415 316 2489 Qui
327 2422 428 2496 potest
441 2431 558 2493 capere,
578 2415 694 2498 capiat:
716 2417 771 2495 qui
791 2427 894 2498 potest
912 2432 1057 2496 pugnare,
1074 2421 1196 2495 pugnet,
1217 2427 1309 2490 snpe-

252 2510 351 2558 retae
375 2495 552 2578 triumphet.

79 2651 121 2707 out
135 2653 232 2708 potest,
340 2643 369 2697 8.
415 2629 739 2691 CHRYSOSTOMUS
770 2630 850 2691 hom.
882 2632 995 2709 LXIII.
1028 2632 1061 2690 in
1084 2649 1150 2711 cap.
1175 2637 1212 2692 ts
1237 2624 1318 2682 Mal·

54 2709 357 2801 'ssssff‘ffisffllssthaeit
401 2715 464 2788 Qui
484 2726 586 2790 potest
611 2735 729 2796 capere,
753 2720 858 2799 capiat.
902 2719 948 2776 Ita
977 2717 1072 2797 magis
1099 2715 1211 2773 animat
1234 2720 1318 2788 atque

34 2874 38 2881 ²
80 2799 165 2838 ”istm-
260 2799 401 2872 incendit,
424 2798 470 2855 vcl
500 2801 570 2877 quia
599 2801 835 2881 magnitudinem
854 2802 972 2859 virtutis
994 2799 1151 2872 ostendit,
1180 2793 1230 2854 vel
1256 2794 1318 2873 quia

257 2882 468 2942 inaestimabili
491 2883 700 2960 misericordia
717 2905 771 2945 sua
800 2884 899 2944 noluit
916 2906 979 2942 rem
997 2885 1028 2942 in
1049 2883 1263 2959 necessitatem
1281 2877 1316 2934 le-

155 2994 157 3000 *
258 2971 302 3050 gis
325 2966 514 3024 concludere.
557 2966 598 3026 Et
620 2967 659 3025 ad
681 2968 755 3028 haec
781 2968 927 3050 possibile
948 2967 979 3025 id
1008 2988 1080 3025 esse«
1099 2975 1267 3035 monstrat,
1292 2970 1317 3017 ut

259 3051 387 3133 eligendi
410 3050 559 3131 cupiditas
590 3071 726 3113 crescere
757 3053 864 3134 possit
907 3051 968 3110 Sed
1005 3053 1031 3110 si
1056 3048 1221 3110 electionis
1254 3064 1317 3127 opus

260 3135 367 3208 estid,
391 3137 515 3214 inquies,
549 3137 705 3214 quomodo
732 3138 879 3218 incipiens
899 3137 999 3195 statim
1029 3135 1124 3196 dixit:
1168 3135 1243 3192 Non
1265 3150 1315 3188 on·

88 3249 225 3308 Quam.
250 3240 312 3283 „nes
334 3221 468 3298 capiunt,
488 3217 540 3276 sed
560 3219 671 3298 quibus
709 3221 812 3280 datum
841 3220 908 3279 est?
952 3219 994 3278 Ut
1015 3219 1171 3300 singulare
1208 3217 1242 3274 id
1270 3231 1316 3272 esse

85 3302 236 3393 Iffiffiohw
262 3314 410 3361 certamen
432 3302 596 3382 perdiscas,
619 3325 682 3364 non
704 3316 738 3363 ut
762 3315 844 3364 sorte
873 3304 972 3362 datam
993 3307 1208 3362 necessitatem
1233 3298 1319 3378 susp'n

263 3388 357 3451 ceris„
393 3386 445 3444 His
473 3388 550 3444 euim
584 3387 687 3446 datum
714 3402 777 3464 est,
812 3389 864 3469 qui
887 3399 994 3469 sponte
1019 3387 1051 3445 id
1076 3386 1218 3468 eligunt:
1251 3376 1319 3464 quod

261 3472 330 3530 ideo
356 3468 439 3542 dixit,
457 3470 493 3528 ut
512 3472 694 3548 ostenderet,
707 3475 867 3552 superiore
888 3471 977 3530 nobis
996 3469 1109 3530 auxilio
1144 3491 1214 3529 esse
1249 3484 1321 3550 opus,

264 3553 364 3634 (quod
385 3553 507 3634 quidem
533 3554 673 3615 omnibus
694 3556 771 3615 illud
802 3554 1009 3638 expetentibus
1034 3566 1178 3636 paratum
1203 3555 1281 3635 est),
1302 3548 1321 3606 si

262 3639 399 3697 volumus
416 3640 446 3695 in
468 3637 524 3696 hac
538 3637 703 3698 luctatione
716 3643 890 3721 superiores
911 3640 1037 3698 evadere
1081 3639 1206 3698 Solitus
1229 3640 1326 3719 quippe.

264 3735 318 3799 est,
336 3722 579 3804 quandocunque
603 3743 650 3781 res
674 3725 770 3784 ardua
785 3727 981 3806 proponitur,
1006 3721 1067 3782 hoc
1088 3725 1135 3782 uti
1159 3723 1260 3783 modo
1283 3718 1318 3776 di·

88 3825 142 3865 nuc.
158 3832 222 3871 ato·
265 3808 373 3869 cendi:
403 3808 442 3865 Ut
472 3809 557 3876 etiam
581 3807 701 3886 quando
726 3807 864 3868 dicebat:
880 3802 1006 3868 'Vobis
1037 3818 1081 3867 est
1102 3807 1229 3883 datum,
1253 3818 1319 3863 nosse

91 3876 252 3973 dalliiglffg‘ss‘
266 3893 406 3970 mysteria
427 3893 511 3974 regni
526 3890 687 3964 caelorum,
701 3893 786 3973 qnod
803 3895 928 3952 maxime
944 3896 984 3951 ita
1003 3912 1074 3965 esse,
1088 3893 1253 3971 praesenti
1270 3889 1325 3947 loco

91 3971 256 4061 ζζζᾞζᾌῑῑξο,
269 3977 467 4060 approbatur.
509 3976 585 4035 Nam
607 3977 632 4036 si
659 3997 804 4057 supernae
825 3976 1015 4036 solummodo
1044 3975 1232 4037 donationis
1259 3966 1327 4033 istud

94 4070 118 4110 ¹0
132 4070 188 4109 neo.
271 4073 325 4135 est,
352 4083 392 4121 ac.
407 4059 482 4119 nihil
507 4062 639 4142 penitus,
654 4063 714 4141 qui
737 4083 769 4121 se
786 4064 817 4120 in
843 4074 991 4145 perpetua
1013 4061 1189 4141 virginitate
1216 4073 1330 4119 conset·

272 4156 352 4218 xant,
379 4145 517 4204 conferre
547 4144 705 4205 videntur}
735 4144 887 4228 superflue
905 4147 985 4227 ¹ipsis
1018 4155 1149 4226 'regnum
1183 4143 1331 4203 caelorum

183 4246 189 4277 2
272 4226 448 4312 pollicetur,
473 4249 532 4291 nec
547 4229 658 4297 merite
683 4231 847 4292 a.caeteris
868 4231 951 4313 ipsos
972 4227 1133 4292 Eunuchis
1168 4224 1340 4321 distinguit.
