2790 4792
290 360 373 434 too
540 352 622 420 ns
666 348 1141 443 sicnsunnro
1257 344 1263 351 ·

291 537 1360 707 ffffiffiffit'fflttsssffiettffi

292 711 461 793 Apostolus
480 728 540 791 pro
570 729 605 767 re
624 721 713 784 nata,
736 709 824 768 velut
847 707 1000 781 habebat,
1024 710 1176 791 scripsit.
1223 714 1353 775 Ubiu'

291 796 440 879 Episcopi
462 804 548 852 eraut
573 794 637 872 jem
658 795 829 867 constituti,
856 793 980 873 scripsit
1001 792 1188 876 Episcopis
1222 811 1258 859 et
1275 801 1350 875 ltine

291 883 349 938 nis.
391 878 462 937 Non
484 880 563 935 enim
592 879 694 936 omnia
721 880 822 937 statim
847 888 1014 959 potueruut
1043 876 1206 959 Apostoli
1238 886 1354 944 comtis-

291 984 367 1023 ere:
384 961 577 1036 Presbyteris
599 962 681 1019 enim
700 982 781 1043 opus
800 974 866 1020 eret
886 974 918 1020 et
937 961 1106 1024 Diacouis:
1136 984 1206 1045 per
1228 966 1290 1029 hos
1306 969 1355 1028 ui!

290 1047 372 1107 duos
392 1046 602 1104 Ecclesiastica
625 1045 776 1126 compleri
798 1056 938 1127 possunt.
980 1044 1043 1103 Ubi
1068 1067 1155 1107 vcro
1179 1071 1252 1112 uon
1281 1055 1353 1113 iuvet·

288 1144 341 1192 tus
362 1132 496 1209 estquis
518 1130 626 1209 diguus
650 1131 841 1211 episcopatu,
866 1131 1036 1210 permansit
1069 1129 1171 1193 locus
1203 1140 1275 1197 siue
1292 1138 1352 1221 tp»

289 1237 383 1298 copo.
425 1213 488 1273 Ubi
503 1227 603 1273 autem
615 1233 694 1294 opus
714 1213 782 1288 fuit,
803 1224 834 1273 et
858 1225 944 1272 erant
957 1213 1045 1294 digni
1066 1215 1291 1302 Episcopatu,
1303 1240 1350 1281 ens·

289 1301 390 1361 stituti
421 1309 494 1358 sunt
526 1297 684 1379 Episcopi.
725 1299 831 1374 Quum
857 1309 956 1356 autem
983 1296 1169 1362 multitudo
1207 1327 1275 1366 uon
1296 1308 1366 1377 οὔ(

289 1404 353 1444 nou
374 1384 486 1443 inventi
503 1395 576 1440 suut
596 1383 674 1440 inter
692 1382 786 1463 ipsos,
810 1383 864 1462 qui
882 1379 1059 1462 presbyteri
1087 1390 1347 1463 constituerentur,

287 1481 321 1528 ct
341 1469 485 1528 contenti
500 1466 626 1525 luerunt
640 1465 708 1525 solo
721 1466 878 1548 Episcopo
902 1466 934 1524 in
953 1464 1024 1525 loco
1045 1475 1246 1534 constituto.
1270 1477 1347 1537 l'u·

285 1554 352 1612 sine
373 1553 513 1612 Diacono
529 1548 703 1631 imposibile
718 1564 774 1624 est,
795 1571 861 1609 esse
882 1548 1086 1631 Episcopum.
1132 1554 1182 1616 Et
1201 1558 1367 1633 eumstg

285 1634 391 1696 hibuit
411 1647 534 1695 sauctus
550 1632 731 1717 Apostolus,
749 1646 786 1694 ut
801 1635 931 1693 Diae-oui
954 1646 1059 1694 essent
1087 1635 1261 1725 Episcopo
1280 1650 1367 1728 pq*-

205 1736 228 1768 ⁸·
284 1731 334 1780 ter
354 1720 564 1780 ministerium.
606 1717 658 1776 Sic
682 1718 807 1778 ecclesia
830 1719 950 1799 accepit
980 1719 1221 1802 complementa
1247 1729 1362 1812 dispo·

284 1807 422 1878 sationis,
433 1804 480 1863 sie
501 1801 557 1861 rllo
576 1812 717 1882 tempore
738 1814 826 1862 eraut
846 1802 916 1861 loci.
957 1802 1038 1861 Nam
1063 1807 1209 1889 singulae
1236 1834 1287 1872 ης
1306 1828 1348 1871 m

283 1887 324 1945 ub
353 1889 442 1946 initio
477 1887 577 1944 omnia
609 1883 803 1952 babuerunt,
834 1886 891 1945 sed
931 1906 1107 1969 progressu
1143 1900 1300 1975 temporis
1318 1914 1351 1970 et,

283 1990 365 2048 quse
383 1969 426 2028 ad
445 1969 687 2026 necessariorum
705 1969 928 2049 perfectionem
944 1975 1169 2052 requiruntur,
1201 1980 1351 2059 paraban-

282 2062 336 2111 tur
386 2064 444 2113 ete.
1349 2112 1352 2119 .

343 2093 406 2196 'n
448 2131 735 2194 mmeosmssn
755 2155 821 2220 cap
846 2148 868 2204 r
894 2139 1038 2220 epistota
1056 2137 1094 2198 ar
1117 2136 1297 2218 Ephesos,
1322 2144 1356 2205 s„

105 2240 318 2291 raon-osnes
339 2219 456 2281 rerhaz.
493 2219 535 2277 Et
554 2219 620 2301 ipse
653 2218 742 2280 dedit
760 2221 916 2303 quosdam-
936 2225 1060 2304 quidem
1075 2220 1256 2303 Apostolos,
1284 2237 1351 2286 etc.

106 2293 272 2384 22222'232,
282 2306 424 2389 Apostoli
438 2304 576 2386 episcopi
600 2316 682 2364 suut
721 2302 900 2388 Prophetae
923 2329 1020 2379 vero,
1045 2306 1251 2389 explanatores
1273 2320 1352 2371 suut

106 2392 249 2481 imm·
281 2394 514 2474 scripturarum,
534 2391 671 2469 quamvis
684 2391 766 2451 inter
776 2391 841 2472 ipsa
853 2391 1026 2474 primordia
1043 2390 1352 2475 fueriutProphetae,

106 2453 259 2539 imilla.
280 2480 362 2536 sicut
382 2473 517 2558 Agabus,
538 2485 570 2532 et
591 2486 725 2555 quatuor
740 2477 874 2558 virgines
897 2476 1143 2557 prophetantes,
1167 2478 1250 2537 sicut
1278 2499 1347 2539 cou-

279 2562 395 2621 tiuetur
414 2562 445 2617 in
467 2558 552 2617 Actis
569 2557 813 2640 Apostolorum,
835 2560 890 2619 sed
911 2573 1044 2641 propter
1074 2562 1255 2622 rudimenta
1286 2561 1340 2623 fidi
1362 2572 1370 2587 '

112 2659 166 2702 see
179 2668 247 2707 sos.
280 2642 535 2703 commendandae
577 2641 668 2702 Nunc
697 2656 797 2703 autem
821 2645 1002 2725 interpretes
1029 2644 1210 2727 Prophetae
1246 2647 1344 2708 dicun·

104 2747 158 2799 ree
173 2759 194 2794 ε.
209 2757 257 2794 set
279 2738 341 2785 tur.
382 2724 602 2808 Evangelistae,
622 2727 755 2786 Diacoui
777 2740 859 2804 sunt,
875 2729 955 2787 sicut
975 2728 1037 2788 t'urt
1053 2729 1238 2814 Philippus.
1281 2733 1344 2793 Nan

102 2805 159 2845 ⁸⁶⁵·
279 2811 416 2890 quamvis
447 2830 512 2870 nou
540 2810 602 2868 sint
626 2810 823 2886 sacerdotes,
855 2812 1063 2892 evangelizare
1099 2827 1206 2875 umen
1228 2827 1346 2898 possunt

103 2908 187 2957 seer,
198 2918 217 2956 e
233 2897 344 2966 resine
365 2891 522 2967 cathedra,
544 2894 801 2973 quemadmodum
815 2908 845 2955 et
857 2895 1031 2977 Stephanus
1053 2909 1086 2958 et
1096 2892 1273 2983 Philippus
1291 2922 1343 2961 me·

278 2991 437 3040 moratus
467 2977 610 3037 Pastores
630 2991 761 3059 possunt
784 3000 848 3039 esse
867 2982 1025 3057 Lectores,
1047 2984 1104 3061 qui
1139 2983 1277 3046 lectione
1303 3007 1342 3046 sr-

101 3064 251 3115 mittet
299 3066 383 3123 'nent
396 3062 548 3146 populum
563 3061 752 3123 audientem:
773 3066 846 3144 quia
873 3084 936 3123 non
965 3066 997 3123 iu
1027 3085 1109 3146 pane
1138 3080 1265 3130 tantum
1284 3072 1341 3131 risit

273 3084 380 3224 hbmo,
403 3148 458 3207 sed
474 3149 505 3205 in
521 3149 604 3205 omni
623 3145 730 3223 verbo,
751 3147 838 3229 quod
860 3149 1006 3230 procedit
1025 3149 1066 3208 de
1089 3170 1152 3211 ore
1173 3155 1246 3215 Dei.
1286 3158 1338 3216 dli·

274 3232 362 3312 gistri
380 3250 455 3290 vero
473 3230 650 3291 Exercistae
672 3242 763 3306 suut,
792 3233 866 3311 quia
898 3233 932 3290 in
956 3231 1093 3293 Ecclesia
1117 3234 1184 3318 ipsi
1215 3259 1340 3322 compes·

272 3327 352 3375 cunt
376 3327 407 3374 et
424 3314 590 3375 verberant
610 3316 780 3396 inquietos;
801 3318 864 3376 sive
892 3318 917 3374 ii
939 3318 994 3397 qui
1028 3315 1227 3383 lectionibus
1254 3325 1347 3385 iuba-¹

272 3398 353 3476 ndi,
379 3399 508 3458 infantes
528 3398 671 3460 solebant
703 3397 851 3474 imbuere,
874 3401 954 3458 sicut
982 3420 1049 3460 mos
1068 3402 1272 3469 ludaeorum
1296 3417 1339 3479 st,

270 3505 405 3564 quorum
425 3482 549 3541 traditio
570 3482 610 3542 ad
629 3503 684 3542 nos
705 3484 869 3542 transitum
892 3482 975 3559 fecit,
994 3504 1074 3564 quae
1105 3507 1173 3567 per
1196 3494 1338 3578 negliger-

270 3572 344 3626 tium
363 3565 526 3628 obsolevit.
568 3567 654 3626 Inter
675 3568 751 3627 istos
774 3579 848 3648 post
863 3569 1045 3649 episcopum
1062 3568 1138 3649 plus
1168 3597 1239 3639 em
1264 3572 1337 3638 imd-

271 3649 399 3732 ligitur,
427 3653 482 3730 qui
504 3663 633 3732 propter
655 3661 823 3711 reseratum
837 3651 992 3711 occultum
1021 3654 1263 3734 scripturarum
1279 3679 1332 3721 seu·

270 3754 337 3793 sum
355 3733 545 3816 prophetare
573 3734 895 3818 &eitun-praesertim
916 3743 990 3817 quia
1013 3738 1144 3799 futurae
1166 3750 1241 3829 spei
1259 3741 1329 3807 mir

269 3817 435 3901 depromit
487 3821 549 3894 Qui
584 3818 665 3879 ordo
694 3839 777 3879 nunc
809 3832 911 3902 potest
941 3841 1008 3881 esse
1036 3821 1240 3903 presbyteri,
1267 3825 1324 3889 h

269 3904 302 3960 in
336 3903 494 3986 Episcopo
534 3924 637 3963 omnes
668 3904 798 3971 ,ordines
842 3915 931 3963 suut:
972 3907 1045 3985 quia
1077 3910 1211 3989 primus
1252 3928 1331 3977 sset·

269 3985 327 4044 dos
346 3999 407 4062 est,
433 3987 495 4048 hoc
513 4001 576 4061 est,
592 3989 742 4070 princeps
765 4000 811 4049 est
831 3987 1049 4065 sacerdotum,
1074 4002 1107 4050 et
1126 3992 1294 4083 Pmphen
1308 3988 1345 4055 et

90 4054 241 4146 ffiffss'fffi
269 4065 468 4150 Eringelista,
492 4085 524 4132 et
543 4086 663 4133 caetere
682 4073 873 4156 adimplenda
890 4071 990 4133 officia
1008 4073 1177 4140 Ecclesiae
1196 4087 1230 4145 in
1245 4082 1336 4143 minis·
1358 4078 1363 4085 ’

89 4152 348 4245 &mrtem
386 4151 534 4215 fidelium.
582 4158 696 4218 Tamen
721 4169 884 4240 postquam
907 4157 1052 4217 omnibus
1079 4158 1167 4226 locis
1193 4166 1336 4229 &dein

115 4215 127 4246 ‘
246 4230 341 4295 'suut
367 4239 755 4318 constitutae,.÷et·officia
784 4239 947 4304 ordinatu:
976 4240 1068 4311 stite
1091 4253 1276 4337 conposite
1296 4264 1337 4313 ret
