2790 4792
236 281 848 380 accusasse-raia
945 328 948 339 ·
1036 308 1114 390 aaa

56 505 214 585 ricordius
231 508 338 588 agatur
356 522 372 562 a
392 496 536 577 Do'mino,
552 518 659 581 'quam‘
676 518 782 564 eornm
796 513 919 585 peccata
927 507 1117 565 meruerunt.

53 593 125 652 Hoc
147 585 227 651 euim
254 609 271 648 a
297 585 436 670 patribus
458 585 613 646 traditum
637 583 779 647 universa
803 585 943 649 obser'v'at
966 588 1116 664 Ecclesia,
1285 594 1289 601 “

52 689 90 736 ut
112 672 179 759 pro'
195 675 256 746 eis,
280 674 333 754 qui
353 674 385 732 in
405 671 544 753 corporis
567 679 598 727 et
618 672 772 750 sanguinis
795 669 905 732 Christi
927 674 1118 734 c0mmuni0-
1127 680 1196 725 uote.
1287 702 1291 711 ·

52 780 92 820 ne
115 759 254 820 defuncti
276 768 364 834 sunt,
385 774 454 815 cum
476 753 636 834 adipsum
658 753 842 815 sacrificinm
864 754 933 816 loeo
954 778 1011 819 suo
1033 777 1119 817 com·
1158 756 1161 763 ’
1258 748 1262 761 “

24 845 25 848 ’
53 855 279 917 memorantur,
301 846 421 916 oretur,
444 859 479 898 ac
500 858 560 919 pro
582 836 640 894 illis
662 848 786 919 quoque
807 839 840 898 id
862 838 1120 913 offerriccmme-

53 940 202 987 moretur.
245 924 321 985 Cum
341 943 415 985 vero
439 940 547 982 eorum
578 922 890 991 commendandorum
911 946 1007 986 eausa
1044 934 1121 1007 ope-

54 1031 90 1070 ra
123 1010 350 1072 misericordiae
383 1005 596 1078 celebrantur,
632 1008 702 1089 quis
734 1008 774 1067 eis
809 1006 935 1083 dubitet
951 1008 1122 1092 suffragari,

58 1116 117 1179 pro
137 1093 249 1177 quibus
273 1095 429 1156 orationes
448 1092 517 1149 Deo
535 1107 597 1147 non
614 1089 745 1151 inaniter
766 1090 956 1173 allegantur?
1079 1102 1083 1117 ²

139 1188 172 1247 7.
213 1178 269 1239 ΕΤ
288 1180 324 1238 t.
347 1174 403 1237 tx.
426 1173 554 1234 confess.
576 1193 599 1231 c.
626 1180 693 1241 tt:
716 1175 765 1235 Et·
778 1196 849 1235 mox
872 1175 1014 1236 omnibus
1034 1172 1244 1249 (mffliuomom
1259 1185 1297 1227 ‹to-

1135 1228 1209 1270 suncti
1224 1234 1253 1274 ad
1264 1237 1298 1276 al-
1361 1258 1367 1267 ,

55 1274 87 1324 et
116 1263 205 1323 fratri
237 1263 332 1339 meo.)
389 1257 502 1320 Ponite
523 1258 646 1339 (inquit¹
662 1260 798 1339 Monica)
829 1259 892 1318 hoc
913 1279 1027 1341 corpus
1051 1257 1194 1324 ubi-tm.

56 1367 195 1430 cunque:
214 1344 295 1406 nihil
316 1362 372 1402 vos
401 1345 471 1422 ejus
487 1360 577 1400 cura
599 1342 770 1403 conturbet.
817 1344 951 1404 Tantum
966 1339 1049 1402 'illud
1069 1348 1125 1402 vo's

57 1438 158 1516 rogo,
179 1443 216 1490 ut
237 1429 276 1488 ad
297 1426 423 1486 Domini
444 1423 538 1495 altare
560 1427 756 1495 memineritis
778 1429 855 1503 mei,
877 1426 934 1486 ubl
955 1426 1084 1485 fueritis.

139 1526 170 1581 8.
213 1511 319 1571 ITEM
340 1529 366 1567 c.
390 1520 455 1583 η,
478 1507 515 1567 de
536 1508 645 1568 eadem'
660 1510 820 1577 matresua
829 1512 953 1573 Monica
978 1509 1123 1591 loquens:

55 1600 134 1660 Cum
164 1598 238 1655 ecce'
269 1611 381 1674 corpus
414 1592 524 1651 elatum
546 1604 609 1669 est,
643 1594 772 1655 imus'et
793 1595 1014 1655 redimussine
1034 1587 1297 1679 ¹²⁰¹³³llifra¹lll¹⁰⁸

53 1686 122 1744 mis.
165 1678 244 1737 Nam
272 1694 372 1757 neque
405 1677 497 1736 ineis
518 1676 793 1760 precibus,*·quas
814 1652 1300 1756 iht·fudimus,.cum1›=·tunolis

60 1764 313 1842 offerretur-pro
336 1772 370 1818 ea
389 1758 568 1847 sacrificium
590 1764 681 1843 pretii
697 1762 809 1841 nostri,
829 1760 894 1846 jam
913 1766 1000 1846 juxta
1022 1736 1250 1846 sepul-‘'lmm'

56 1854 149 1908 crum
176 1843 278 1927 posito
312 1841 471 1920 cadavere,
504 1846 687 1926 priusquam
702 1847 929 1930 deponeretur,
962 1850 1040 1909 sicut
1061 1846 1124 1906 illie
1138 1844 1159 1853 ⁴'

54 1930 127 1993 fieri
149 1927 246 2004 solet,
269 1947 325 1986 nec
344 1927 375 1986 in
400 1928 441 1986 eis
461 1927 605 2009 precibus
627 1948 683 2017 ego
705 1930 791 2010 llev'i,
811 1933 866 1993 sed
887 1944 954 1995 toto
975 1932 1030 1993 'die
1051 1951 1124 2015 gra-

56 2018 137 2076 viter
158 2014 190 2070 in
212 2009 333 2070 occulto
353 2023 474 2071 moestus
492 2032 582 2073 eram.

144 2108 173 2164 9.
216 2093 462 2155 PRAETEREA
483 2117 549 2180 cap.
575 2110 643 2165 lor
662 2098 739 2159 ¹Nou
770 2100 828 2161 ista
849 2100 1003 2162 mandavit
1022 2100 1123 2178 uobis,
1136 2087 1300 2182 ,ffi‘305222

61 2180 113 2242 sed
139 2178 348 2240 tautummodo
374 2182 546 2241 memoriam
565 2183 611 2261 sui
634 2182 673 2241 ad
687 2183 781 2243 altare
800 2181 889 2244 tuum
918 2183 987 2244 fieri
1003 2183 1125 2243 deside·
1136 2183 1185 2224 ⁵⁸¹⁵
1201 2188 1278 2240 pettit.

63 2268 156 2341 ravit,
179 2266 228 2323 cui
254 2263 366 2323 nullius
383 2265 427 2324 rei
449 2267 722 2353 praetermissione
738 2270 905 2343 servierat,
925 2267 1007 2326 unde
1028 2267 1127 2342 sciret,

63 2350 231 2433 dispensari
260 2350 410 2409 victimam
442 2346 595 2422 sanctam,
630 2368 692 2428 qna
728 2347 861 2410 deletum
894 2361 940 2408 est
967 2348 1129 2431 chirogra-

83 2432 176 2507 hum,
211 2432 298 2515 qnod
331 2444 396 2492 crat
428 2433 616 2491 contrarium
640 2430 749 2508 nobis,
780 2452 842 2514 qna
858 2432 1066 2514 triumphatus
1083 2420 1292 2492 est⁰⁰¹⁰⁸·²¹¹l·

62 2455 156 2577 hostis
185 2528 362 2600 computans
387 2515 497 2574 delicta
508 2525 631 2590 nostra,
654 2526 685 2573 et
702 2535 861 2596 querens,
884 2517 959 2598 quid
981 2515 1127 2598 objiciat,

62 2609 92 2663 'et
111 2600 189 2662 nihil
207 2604 360 2661 inveniens
376 2600 407 2659 in
426 2598 505 2673 illo,
541 2600 572 2656 in
594 2600 658 2679 q'uo
677 2598 834 2661 vincimus.

148 2699 197 2753 1ο,
238 2680 486 2744 EPIPHANIUS
509 2693 590 2741 cont.
615 2681 755 2757 Atrium,
777 2683 895 2745 haeresi
907 2698 972 2753 rs:
995 2683 1125 2762 Deinde,

64 2790 123 2853 qua
138 2770 273 2829 'ratione
301 2777 374 2850 post
396 2776 525 2825 mortem
546 2769 708 2827 nominatis
738 2770 849 2851 (iuquit
868 2769 987 2847 Atrius)
1004 2772 1126 2830 nomina
1147 2781 1294 2845 armana·

65 2850 281 2916 mortuorum?
320 2849 401 2909 'Orat
415 2851 508 2928 enim,
531 2851 639 2931 inquit,
661 2849 773 2930 vivens,
800 2860 853 2913 aut
875 2851 1126 2937 dispensationem
1137 2836 1202 2926 33¹¹
1221 2836 1299 2876 Μ’

65 2939 157 3016 lacit,
192 2934 270 3019 quid
303 2933 458 3016 profuerit
496 2935 640 2996 mortuo?
672 2935 727 2995 'Si
757 2944 831 2998 uero
861 2941 985 2999 omniuo
1020 2958 1127 3021 preces

64 3043 192 3099 eorum,
215 3020 270 3103 qui
292 3017 345 3077 hic
367 3026 452 3094 s'unt,
473 3033 606 3102 prosunt
627 3020 709 3098 illis,
733 3023 787 3105 qui
809 3020 901 3081 isthic
921 3033 1011 3098 suut,
1033 3023 1129 3105 igitur

64 3098 158 3169 neum¹
185 3107 226 3166 sit
253 3105 338 3187 pius,
361 3123 461 3183 neque
490 3103 563 3164 boni
585 3105 753 3189 quidquam
776 3104 886 3184 faeiat,
916 3106 970 3166 sed
991 3106 1131 3186 acquirat
1212 3116 1216 3122 '

65 3195 178 3255 amieos
202 3188 367 3271 quosdam,
388 3207 445 3270 per
467 3205 555 3269 quem
574 3188 641 3249 vult
663 3191 812 3265 modum,
833 3203 888 3250 aut
907 3210 963 3272 per
985 3191 1130 3271 pecunias

63 3274 268 3362 persuadens,
301 3283 353 3331 aut
384 3273 485 3330 amicis
522 3273 553 3333 id
586 3276 618 3332 in
642 3274 731 3335 obitu
757 3272 957 3351 demandans,
990 3284 1020 3333 et
1041 3276 1131 3332 orent

64 3383 123 3457 pro
154 3361 244 3443 ipso,
277 3369 313 3416 ut
344 3378 382 3416 ne
406 3356 481 3437 quid
506 3355 569 3418 illic
588 3360 743 3440 patiatur,
777 3381 877 3442 neque
897 3355 1131 3419 immedicabilia

63 3456 190 3531 peccata
208 3441 247 3501 ab
267 3443 332 3523 ipso
350 3452 524 3523 perpetrata
542 3445 749 3521 requirantur.
769 3444 820 3504 Ad
841 3465 920 3528 quae
944 3455 1051 3526 postea
1079 3462 1131 3501 re·
1156 3452 1287 3545 ¹¹9⁸ffi2³⁰

64 3527 220 3615 spondens
244 3523 457 3608 Epiphanius,
480 3526 522 3584 ita
546 3527 607 3585 ait:
628 3526 675 3587 De
697 3550 733 3589 eo
754 3549 838 3606 vero,
860 3527 946 3610 quod
966 3505 1200 3610 profem-²⁹¹?
1247 3516 1272 3542 '¹'

64 3616 115 3676 'tur
136 3612 261 3673 nomina
280 3612 341 3669 vita
363 3608 598 3685 defunctorum,
622 3610 697 3692 quid
717 3612 779 3674 hoc
799 3615 893 3697 magis
914 3613 1009 3672 suerit
1028 3610 1130 3672 utilel

65 3697 141 3782 quid
179 3694 242 3756 hoc
277 3693 466 3755 commodius
488 3705 519 3754 et
537 3696 630 3777 magis
661 3695 859 3758 admiratione
880 3695 1024 3780 dignum?
1046 3694 1132 3777 quod

66 3782 199 3844 eredunt
216 3790 410 3861 praesentes,
443 3778 529 3858 quod
548 3778 598 3854 hi,
629 3780 684 3860 qui
717 3778 932 3853 decesserunt,
953 3782 1084 3856 vivunt,
1102 3790 1133 3838 et

65 3888 127 3928 non
163 3876 237 3929 suut
255 3861 356 3939 nulli,
389 3862 443 3921 sed
466 3874 537 3924 sunt
569 3873 599 3922 et
616 3865 722 3923 vivunt
743 3864 827 3949 apud
846 3850 1028 3924 deinum:
1049 3874 1079 3923 et
1097 3874 1133 3923 ut

65 3944 281 4037 pientissimam
303 3946 562 4031 praedicationem
582 3967 769 4035 recenseam,
792 3947 878 4030 quod
891 3966 957 4031 spes
975 3956 1019 4006 est
1038 3967 1133 4007 oran·
1214 3966 1217 3971 ·
1251 4018 1256 4025 Ι

66 4037 150 4097 tibus
171 4053 232 4118 pro
253 4030 402 4091 fratribus
422 4030 527 4110 velut,
551 4036 604 4115 qni
628 4034 658 4092 in
679 4032 925 4117 peregrlnatrone
941 4032 1010 4092 sint,
1049 4030 1135 4091 Pro·

67 4131 141 4181 snut
166 4129 268 4180 autem
286 4126 439 4199 etpreces
465 4124 526 4200 pro
543 4119 617 4202 ipsis
636 4117 797 4195 facientes,
817 4118 932 4180 etiamsi
951 4127 1046 4177 totam
1066 4113 1136 4175 cnl-

68 4224 140 4288 ΡΜ
165 4212 232 4265 ”⁰¹¹
256 4198 606 4266 a¹³⁵⁶i1ldant·''Verum
631 4203 710 4268 cuim
735 4208 808 4266 tero
828 4222 876 4282 ec,
898 4200 1136 4286 quod'nos'sae·
