2790 4792
234 234 286 302 50
478 227 1057 295 nestorianismo

234 410 482 499 damaquamet
496 416 539 475 ait
559 413 748 476 Eunuchus:
769 413 851 475 Ecce
874 436 964 498 aqua,
988 416 1062 498 quid
1084 414 1231 500 prohibet
1257 434 1306 480 me

237 521 409 611 baptizari?
450 520 491 584 Et
513 522 603 604 jussit
616 536 695 583 stare
713 542 857 581 currumz
879 535 909 583 et
926 522 1150 600 descenderunt
1172 511 1325 608 uterque

237 632 269 689 in
283 626 410 711 'aquam,
431 614 593 713 Philippus
613 641 643 689 et
659 626 838 704 Eunuchus,
862 640 892 689 et
910 629 1075 713 baptizavit
1097 652 1175 692 eum.

262 764 265 768 ³
320 735 399 797 Act.
418 738 469 796 X.:
501 735 659 817 Numquid
675 756 781 816 aquam
794 737 862 816 quis
886 736 1050 820 prohibere
1066 749 1178 819 potest,
1193 750 1302 800 utnon

209 847 217 866 ‘
236 845 429 929 baptizentur·
447 842 491 921 hi,
504 845 558 925 qui
579 844 719 926 spiritum
733 855 869 902 sanctum
881 857 1072 927 acceperunt,
1085 846 1162 904 sicut
1177 857 1208 905 et
1226 847 1302 907 nos?

320 974 390 1034 Tit.
413 962 486 1034 llls
510 971 612 1031 Salvos
634 977 697 1032 nos'
715 973 787 1033 fecit
806 996 862 1057 per
884 974 1037 1034 lavacrum
1057 977 1303 1057 reginerationis.

321 1079 404 1141 Act.
427 1068 488 1141 Il.:
509 1060 729 1138 Paenitentiam
754 1083 842 1165 agite,
857 1093 888 1141 et
904 1080 1074 1164 baptizetur
1092 1083 1306 1163 unusquisque

238 1199 369 1249 vestrum
390 1189 421 1246 in
438 1187 558 1246 nomine
581 1184 677 1243 IESU
704 1172 864 1248 CHRISTI
885 1190 916 1247 in
936 1188 1142 1246 remissionem
1160 1200 1304 1270 peccato-

238 1317 306 1357 rum
330 1308 516 1356 vestrorum:
541 1304 572 1351 et
591 1293 744 1373 accipietis
768 1293 883 1356 donum
903 1297 1024 1377 spiritus
1047 1295 1152 1353 sancti.

324 1401 347 1461 Ι.
370 1401 438 1463 Cor.
460 1400 534 1461 VL:
570 1397 612 1459 Et
635 1387 710 1457 baec
734 1398 856 1481 quidem
883 1401 998 1461 fuistis:
1021 1400 1075 1460 sed
1102 1399 1201 1460 abluti
1224 1402 1303 1477 estis,

239 1507 292 1568 sed
315 1504 493 1568 sanctificati
516 1507 596 1582 estis,
618 1504 671 1565 sed
694 1504 852 1587 justificati
881 1514 950 1568 estis
975 1509 1005 1567 in
1031 1507 1153 1566 nomine
1178 1507 1303 1567 Domini

238 1615 335 1674 nostri
362 1613 460 1673 JESU
482 1612 665 1689 CHRISTI,
687 1624 716 1671 et
738 1608 769 1671 in
785 1613 905 1696 Spiritu
929 1614 1003 1673 DEI
1030 1615 1135 1672 nostri.

321 1717 459 1778 Matth.
489 1718 649 1779 XXVIII.:
683 1717 798 1777 Euntes
820 1741 893 1802 ergo
925 1720 1033 1779 docete
1062 1738 1167 1778 omnes
1190 1731 1299 1801 gentes,

138 1854 140 1863 ·
239 1822 427 1908 baptizantes
447 1843 500 1886 eos
521 1825 554 1885 in
574 1824 696 1885 nomine
720 1824 820 1885 Patris
844 1836 874 1885 et
895 1824 966 1885 Filii
986 1836 1015 1885 et
1039 1825 1175 1908 Spiritus
1195 1826 1299 1886 uncti.

567 2104 571 2111 Ι
637 2002 905 2111 parans

69 2239 230 2294 neruus-p
322 2144 734 2262 1·B·TR1DENTIllUM
754 2209 840 2250 conc.
853 2211 924 2252 sess.
945 2203 974 2259 7.
994 2209 1060 2252 ean.
1078 2202 1107 2256 2„
1125 2187 1163 2250 de
1180 2144 1298 2272 bapti,-

68 2295 138 2337 enmi.
238 2299 305 2340 mo:
341 2277 374 2338 Si
392 2280 460 2358 quis
484 2275 602 2352 dixerit,
628 2295 736 2356 aquam
766 2296 871 2334 veram
900 2287 930 2333 et
950 2275 1119 2334 naturalem
1149 2294 1211 2334 uon
1236 2278 1296 2332 esse

66 2385 168 2433 tuma.
185 2385 209 2431 s.
240 2364 279 2425 de
301 2364 476 2422 necessitate
494 2360 646 2443 baptismi,
667 2370 759 2440 atque
780 2358 851 2419 iden
872 2359 964 2430 rerba
985 2359 1034 2418 illa
1057 2359 1183 2418 Domini
1201 2357 1297 2416 nostri

238 2445 333 2508 JESU
355 2445 534 2507 CHRISTI:
557 2436 623 2504 Nisi
636 2446 705 2525 quis
724 2457 845 2504 renatus
868 2444 963 2503 fuerit
982 2465 1016 2502 er
1035 2463 1119 2522 aqua.
1139 2452 1170 2501 et
1189 2443 1298 2522 spiritu

239 2541 356 2600 sanct0;
379 2529 419 2589 ad
441 2527 648 2609 metaphoram
677 2527 804 2608 aliquam
834 2529 1004 2602 detorserit,
1027 2525 1186 2586 anathema
1212 2527 1259 2584 sit.

268 2670 282 2691 „
323 2627 352 2683 2.
395 2611 620 2671 CONClLlUM
635 2612 718 2671 Flor.
740 2613 771 2669 in
788 2611 887 2674 doctr.
908 2611 1088 2673 chacram.
1104 2610 1210 2671 Eccl.:
1233 2609 1298 2668 Ma·

240 2697 316 2758 teria
341 2694 644 2774 hujusSacramenti
667 2704 698 2753 et
721 2715 802 2775 aqua
832 2716 905 2756 vera
932 2707 962 2755 et
984 2689 1147 2756 naturalis:
1170 2701 1227 2754 nee
1251 2713 1319 2758 re-.

241 2781 312 2858 fert,
325 2778 434 2861 frigida
454 2778 543 2837 sitan
561 2776 669 2836 calida.
1339 2828 1341 2833 ,

68 2882 228 2942 Δῃιιᾶδιρ·
324 2876 353 2930 ὅ.
395 2859 714 2922 CHRYSOSTOMUS
735 2857 817 2921 llom.
845 2873 894 2928 24.
915 2861 1070 2941 11110311.ρὲ
1112 2862 1190 2924 Nam
1213 2859 1296 2944 quoti

68 2938 229 3028 mmor·
241 2947 465 3033 pernecessaria
488 2944 527 3004 sit
547 2962 634 3025 aqua,
660 2944 708 3002 vel
729 2946 801 3004 inde
825 2947 1021 3027 perspicuum
1043 2957 1097 3022 est,
1114 2947 1212 3026 quod,
1232 2966 1299 3006 cum

68 3033 209 3077 ³⁶⁰··⁸¹²¹¹·
243 3045 443 3112 anteaquam
466 3030 591 3111 spiritus
618 3030 811 3109 inspirasset,
834 3031 864 3087 in
888 3029 948 3088 hoc
972 3043 1069 3091 tamen
1092 3052 1154 3089 non
1188 3030 1301 3111 quievit
1338 2964 1341 3083 l

68 3108 228 3156 ⁸⁰²⁰'·¹⁰'⁴³'
241 3116 419 3200 Apostolus,
431 3113 483 3173 sed
493 3113 531 3175 ad
544 3132 640 3192 aquae
658 3114 864 3172 necessitatem
880 3115 1095 3174 ostendendam
1111 3115 1170 3173 ait:
1200 3114 1230 3174 N
1232 3134 1297 3173 um·
1339 3096 1341 3131 Ι

73 3214 85 3274 2
243 3200 320 3284 quid
346 3204 455 3280 aquam
474 3199 544 3278 quis
576 3194 743 3277 prohibere
764 3209 874 3278 potest,
898 3209 933 3255 ut
956 3219 1017 3257 non
1043 3198 1238 3279 baptizentur
1259 3197 1299 3272 bi,

144 3310 162 3332 ··
188 3312 191 3316 ¹
244 3286 299 3366 qui
334 3284 474 3367 spiritum
504 3291 638 3340 sanctum
663 3293 864 3360 acceperunt,
880 3278 965 3341 xsicut
989 3295 1019 3342 et
1035 3281 1108 3341 nos?
1142 3282 1298 3357 Quaenam

242 3388 316 3450 ergo
335 3386 431 3447 aquae
456 3362 641 3440 necessitas?
681 3365 746 3422 Jam
766 3364 978 3426 absconditum
1002 3366 1089 3424 vobis
1119 3366 1297 3439 mysterium

241 3452 380 3535 aperiam.
422 3447 501 3509 Sunt
520 3459 551 3508 et
564 3446 638 3525 elia,
654 3468 737 3507 nunc
758 3471 832 3510 vero
853 3470 888 3510 ex
914 3448 1053 3508 omnibus
1078 3470 1171 3508 unum
1204 3470 1297 3531 expo·

241 3536 336 3594 suisse
358 3530 494 3592 sufficiat.
539 3530 670 3592 Primum
691 3531 792 3593 divina
814 3536 844 3593 in
865 3532 926 3592 hoc
949 3545 1195 3594 consummantur
1218 3533 1298 3593 indi·

240 3619 303 3693 cia,
315 3617 480 3700 sepultura,
508 3614 714 3693 mortificatio,
740 3618 931 3692 resurrectio,
958 3619 1028 3692 vita,
1055 3628 1085 3676 et
1109 3616 1184 3676 haec
1209 3614 1299 3677 simul

241 3702 351 3762 omnia.
392 3700 439 3759 In·
453 3718 532 3780 aqua
547 3701 624 3759 enim
642 3712 786 3782 tanquam
804 3704 835 3761 in
853 3699 994 3781 sepulcro
1015 3712 1104 3784 eaput
1119 3703 1300 3786 immergen-

240 3783 325 3845 tibus
348 3794 433 3843 vetus
462 3783 554 3844 bomo
581 3784 726 3866 sepelitur
755 3797 785 3846 et
814 3783 1041 3866 submergitur,
1072 3785 1182 3849 deinde
1207 3783 1299 3847 nobis

69 3867 231 3960 ffi„ss¹’'²¹‘⁸
240 3866 465 3951 emergentibus
487 3888 582 3928 novus
598 3871 730 3953 resurgit
746 3869 825 3929 inde.
867 3868 909 3927 Ut
935 3868 1024 3928 facile
1046 3869 1133 3929 nobis
1160 3880 1206 3930 est
1243 3871 1321 3945 iru-¹

159 3946 165 3959 ’
203 3975 207 3979 ·
240 3955 335 4036 mergi
359 3963 387 4011 et
404 3971 530 4011 emersos
552 3954 710 4033 respirare,
733 3954 775 4012 ita
803 3952 872 4011 Deo
890 3963 1021 4012 veterem
1046 3952 1173 4036 sepelire
1196 3952 1300 4033 bomi-

240 4057 318 4111 nem,
341 4048 371 4097 et
403 4055 513 4093 novum
544 4035 680 4097 induere.
720 4035 881 4095 Praeterea
908 4046 956 4094 ter
984 4036 1067 4096 istud
1099 4034 1145 4111 fit,
1168 4047 1203 4097 nt
1225 4036 1300 4097 hino

240 4117 340 4182 Patris
357 4127 394 4179 'et
413 4114 485 4180 tulii
507 4128 545 4179 et·
560 4117 811 4203 Spiritus'sancti
838 4116 981 4186 uirtutem
1004 4119 1079 4182 baec
1109 4121 1213 4183 omnia
1241 4123 1301 4182 im·
