2782 4786
180 384 186 409 Ι
284 334 364 405 aaa
535 327 615 388 nn
656 276 1120 411 sanatura-ro

288 517 369 580 thios
383 498 489 591 ,haec
508 510 623 572 rerba:
662 507 695 568 si
717 509 855 592 nupserit
875 510 981 594 virgo,
1001 528 1065 577 nou
1086 512 1260 592 peccavit:
1288 514 1357 576 Vns·

288 607 389 687 ginem
419 598 481 659 hoc
516 597 586 656 loeo
616 592 764 677 appellat,
782 614 858 657 ¹uon
878 614 963 671 eam,
986 615 1062 677 quac
1083 593 1158 655 Deo
1192 613 1352 662 consecrata

288 700 356 759 est,
378 683 432 744 sed
454 684 610 762 innuptam
634 676 778 760 puellam.
821 678 898 737 Nam
925 699 1002 759 quae
1021 679 1092 738 Deo
1116 694 1289 741 consecrata
1298 697 1344 761 est,

289 774 315 832 si
337 768 496 851 nupserit,
522 763 646 822 Christo
668 763 773 822 reddit
798 761 973 821 adulterum
1000 784 1078 840 enm,
1105 767 1160 821 cui
1186 764 1282 824 nubit

375 863 424 918 11.
468 846 697 908 CYPRIANUS
718 846 789 905 libr.
814 858 864 920 1.,
887 847 972 929 epist.
998 859 1044 912 11.
1068 845 1112 906 ad
1134 846 1348 931 Pomponiana

289 940 322 998 si
344 935 558 1016 superveniens
578 932 702 990 maritus
724 925 866 1012 sponsam
897 951 981 989 suam
1003 934 1162 1008 jacentem
1200 955 1270 993 cnm
1294 935 1354 995 alte-

290 1044 327 1082 ro
354 1019 476 1093 rideat,
507 1037 608 1075 nonne
636 1014 815 1096 indignatur
837 1025 867 1072 et
895 1013 1023 1073 fremit?
1067 1015 1186 1090 Quid?
1231 1018 1354 1081 Christus

289 1105 439 1166 Dominus
463 1113 492 1161 et
509 1101 603 1182 judex
624 1111 758 1174 noster„
784 1118 854 1171 cum
872 1100 1019 1181 virginem
1040 1119 1130 1159 suam
1152 1100 1219 1161 sihi
1242 1104 1355 1165 dicatam

292 1202 326 1259 et
344 1187 497 1249 sanctitati
522 1205 593 1245 suae
618 1182 920 1262 destinatamjacere
944 1203 1015 1242 cum
1037 1184 1138 1244 altero
1155 1190 1354 1269 cernitquan

115 1274 466 1356 incanum-indignatur
501 1281 532 1328 et
557 1266 723 1327 irascitur?
745 1266 808 1341 ,Et
822 1286 897 1346 quas
921 1286 1036 1348 poenas
1060 1269 1193 1330 incestis
1215 1274 1355 1352 ejusmodi

113 1340 255 1383 '‘mmm''
292 1353 563 1438 conjunctionibus
587 1351 811 1411 comminatur?
854 1350 896 1410 Et
912 1350 1003 1432 paulo
1023 1363 1115 1434 post:
1150 1353 1186 1414 Sr
1207 1370 1311 1416 autem
1328 1357 1357 1417 de

292 1445 333 1505 eis
367 1432 468 1521 aliqua
500 1448 650 1518 corrupta
683 1435 777 1496 fuerit
802 1433 1014 1517 deprehensa,
1050 1449 1124 1520 agat
1142 1443 1355 1522 poenitentiam

290 1527 432 1609 plemma
457 1522 550 1603 quia,
573 1541 652 1601 quae
674 1519 736 1581 hoc
752 1520 872 1580 crimen
895 1519 1032 1597 admisit,
1060 1541 1130 1591 non
1152 1527 1275 1602 mariti,
1314 1526 1357 1587 sed

109 1619 202 1664 uiridi
215 1616 279 1660 aaut·
291 1610 407 1685 Christi
428 1606 566 1668 adultera
581 1616 633 1664 est.
769 1645 772 1651 -
1024 1662 1027 1667 .

114 1676 171 1711 'm'
350 1707 405 1771 41.
425 1693 459 1755 B.
502 1686 734 1751 AMBROSIUS
755 1688 787 1749 in
810 1685 892 1750 libro
915 1687 955 1748 ad
975 1691 1129 1770 virginem
1149 1686 1291 1775 lapsam,
1317 1715 1355 1754 ca·

119 1807 221 1863 ¹wasta,
234 1811 257 1864 ,a
291 1781 355 1864 pite
380 1791 429 1844 5·:
451 1776 573 1837 Neues
597 1768 760 1833 memorata
782 1771 842 1834 diei
861 1786 981 1835 sanctae
1003 1775 1192 1836 Dominicae
1213 1798 1356 1839 resurree-

115 1860 262 1896 ⁰⁰¹¹⁵⁰⁰¹⁸¹¹⁰
293 1864 385 1924 tionis
398 1905 412 1935 ,.
429 1863 461 1940 in
484 1878 546 1939 quo
570 1857 675 1917 divino
695 1855 784 1926 altari
804 1867 835 1916 te
855 1855 995 1917 obtulisti
1021 1857 1203 1920 velandam?
1246 1863 1284 1922 In
1298 1875 1354 1923 tan·

115 1914 258 2042 {uffllltl'tlofi
274 1960 326 2027 ‘to
349 1947 454 2025 itaque
470 1941 598 2015 solemni
614 1951 767 2000 conventu
791 1939 946 2001 Ecclesiae
970 1942 1048 2018 Dei,
1077 1944 1158 2003 inter
1173 1944 1294 2006 lumina
1314 1946 1358 2005 illa

116 2011 236 2092 ‚iiiiii
259 2010 272 2037 ⁰
293 2027 475 2112 splendida,
497 2028 577 2083 inter
596 2022 774 2098 candidatos
798 2027 883 2106 regni
906 2025 1041 2084 caelestis
1063 2031 1147 2106 quasi
1173 2032 1280 2108 regina
1306 2051 1359 2088 re-

295 2115 325 2197 gi
357 2122 492 2192 nuptura
515 2127 718 2191 processeras.
738 2170 741 2175 ,
758 2108 831 2180 Non
851 2128 882 2168 es
903 2120 1068 2183 memorata,
1086 2109 1183 2188 qualis
1202 2110 1354 2193 allocutio

116 2179 181 2222 Μ’
194 2180 376 2259 '‘⁴¹¹²‘l'acta
401 2207 448 2255 est
476 2193 530 2253 illa
554 2192 603 2253 die
633 2191 671 2252 ad
696 2194 747 2263 te:
768 2190 902 2273 Adspice
929 2191 993 2253 filia
1008 2238 1018 2269 ,
1034 2205 1063 2252 et
1080 2194 1215 2268 intuere,
1235 2205 1267 2252 et
1287 2192 1348 2252 ob·

295 2280 431 2340 liviscere
451 2275 603 2360 populum
623 2287 711 2336 tuum
746 2286 779 2335 et
797 2275 922 2337 domum
942 2281 1039 2360 patris
1056 2289 1118 2352 tur,
1139 2289 1168 2337 et
1191 2285 1349 2360 concupis·

117 2346 283 2449 ὰῗῗζξῖξζξρ
296 2376 344 2426 cet
370 2384 422 2424 rex
443 2361 587 2423 decorem
608 2374 717 2436 tuum',
746 2360 818 2441 quia
836 2363 906 2444 ipse
930 2363 1141 2422 est·Dominus
1159 2361 1246 2422 Deus
1265 2361 1354 2421 tunsi

115 2447 267 2536 ffllzffizljj
296 2448 499 2511 Reminiscere
519 2466 611 2529 ergo,
650 2445 841 2527 quantus-'ad
863 2448 967 2528 sponsi
982 2448 1031 2506 tui
1047 2457 1081 2506 et
1098 2445 1220 2506 Domini
1240 2449 1357 2529 nuptias

118 2505 182 2584 mur?
295 2535 474 2596 convenerit
496 2529 639 2614 populus.
682 2528 807 2588 Servare
828 2541 858 2588 te
881 2533 1024 2613 oportuit
1048 2529 1163 2608 fidem,
1192 2552 1285 2611 quam
1303 2529 1357 2588 sub

295 2619 387 2681 tantis
404 2616 534 2675 testibus
555 2613 693 2696 pollicita
710 2633 762 2688 es,
785 2633 902 2696 semper
923 2616 1071 2696 cogitare,
1094 2617 1145 2675 cni
1167 2617 1356 2698 virginitatem

295 2699 522 2785 spoponderist
558 2697 691 2757 Facilius
724 2710 756 2757 te
785 2699 926 2779 oportuit
954 2701 1136 2780 sanguinem
1167 2721 1238 2760 cum
1256 2703 1353 2782 spirata

287 2783 437 2858 fundere,
469 2803 560 2864 quarn
592 2781 721 2863 perdere
747 2784 916 2842 castitatem
943 2794 1035 2842 tuam.
1084 2785 1141 2844 His
1164 2797 1240 2845 tunc
1258 2787 1289 2844 in
1308 2782 1350 2842 illo

288 2870 340 2930 die
378 2867 616 2930 consecrationis
644 2877 715 2925 tuae
746 2861 853 2941 dictis,
886 2877 917 2926 et
949 2866 1051 2926 multis
1074 2889 1176 2950 snpra
1200 2870 1346 2931 castitatem
1377 2920 1381 2941 ,

287 2967 371 3015 tuam
404 2951 596 3034 praeconiis,
628 2970 716 3010 sacro
736 2948 883 3010 velamine
913 2952 993 3010 tecta
1019 2971 1073 3028 es,
1106 2953 1168 3013 ubi
1191 2955 1286 3013 omnis
1305 2972 1344 3034 pn·

287 3039 381 3122 pulus
402 3037 503 3097 dotem
524 3044 610 3093 tuam
634 3033 849 3109 subscribens,
872 3054 936 3095 nou
958 3047 1143 3112 atramento,
1167 3038 1223 3098 sed
1246 3039 1339 3120 spiritu,

287 3125 405 3206 pariter
443 3118 600 3179 clamarit:
632 3118 736 3178 Amen.
781 3119 899 3179 Vincor
922 3118 1084 3195 lacrymis,
1124 3142 1198 3180 cum
1220 3121 1294 3182 haec
1308 3139 1339 3178 re·

289 3205 420 3265 cordor:
455 3222 645 3286 compungor
668 3201 815 3278 stimulis,
850 3223 919 3262 cum
939 3201 1014 3263 haec
1034 3205 1175 3288 exempla
1199 3205 1338 3266 considera

286 3288 364 3348 Nam
383 3288 408 3346 si
432 3289 512 3347 inter
533 3286 636 3344 decem
665 3298 756 3358 testes
773 3286 920 3347 confectis
949 3287 1129 3369 sponsaliis,
1155 3292 1272 3374 nuptiis
1289 3307 1339 3347 cor·

288 3371 463 3447 summatis,
490 3371 611 3450 quaevis
629 3371 695 3429 viro
716 3369 847 3430 foemina
868 3373 1034 3452 conjuncta
1054 3374 1190 3451 mortali,
1215 3394 1278 3436 non
1299 3373 1340 3432 sir

287 3477 397 3540 magno
426 3453 565 3537 periculo
586 3465 745 3536 perpetrat
766 3453 971 3515 adulterium:
1006 3455 1082 3536 quid
1103 3472 1200 3539 putes
1222 3460 1304 3533 sore,
1328 3453 1343 3512 sl
1377 3496 1380 3503 ·

288 3542 375 3600 inter
390 3535 627 3599 innumerabiles
649 3549 739 3597 testes
759 3538 941 3616 Ecclesiae,
976 3560 1078 3600 coram
1103 3544 1249 3626 angelis,
1283 3559 1344 3602 erer-
1377 3580 1381 3603 ἱ

119 3628 266 3693 septenum
288 3624 398 3684 ritibus
421 3622 495 3682 caeli
518 3621 596 3681 facta
610 3621 721 3704 copula
739 3622 884 3704 spiritalis
912 3644 968 3706 per
994 3623 1189 3686 adulterium
1213 3618 1343 3690 solvitnrl

112 3682 240 3799 29¹3?ss
251 3758 276 3809 9·
287 3708 409 3784 Nescio,
427 3728 465 3766 an
488 3707 585 3788 possit
602 3705 693 3788 digna
711 3727 805 3783 mors,
829 3727 867 3766 an
888 3728 988 3791 poena
1009 3710 1154 3791 cogitari.
1201 3714 1287 3772 Dicit
1302 3707 1344 3767 ali·

127 3781 262 3844 mliusdst
289 3795 378 3875 quis:
413 3789 523 3850 Melius
559 3800 604 3847 est
630 3789 765 3867 nubere,
784 3812 876 3872 quam
904 3804 963 3850 nrt.
1006 3793 1073 3853 Hoc
1105 3793 1237 3857 dictum
1256 3795 1344 3857 adult

110 3852 219 3955 2ξὲῗῖιῖ
221 3858 276 3958 *lia
287 3876 456 3960 pollicitam
484 3876 631 3957 pertinet,
656 3873 695 3932 ad
713 3873 849 3935 nondum
870 3875 1006 3935 relatam.
1048 3875 1223 3941 Caeterum
1248 3891 1348 3962 quaest

109 3954 264 4036 {wlff
288 3959 458 4042 spopondit
484 3958 628 4034 Christo,
663 3969 693 4016 et
715 3972 852 4020 sanctum
873 3960 1007 4020 velamen
1030 3965 1174 4043 accepit:
1198 3967 1266 4047 jam
1288 3979 1349 4041 nepe

288 4045 352 4114 sit,
381 4045 444 4122 jam
476 4041 642 4102 immortali
675 4042 780 4122 juncta
812 4055 857 4105 est
889 4046 966 4106 viro.
1005 4042 1060 4104 .Et
1087 4046 1156 4125 jam
1181 4051 1212 4109 si
1236 4043 1351 4109 voluerit

289 4123 405 4183 nubere
429 4129 581 4186 communi
603 4124 669 4208 lege
693 4129 853 4211 conjugii,
892 4127 1076 4189 adulterium
1096 4145 1284 4215 perpetrat,
1311 4148 1351 4188 ³11·

289 4205 357 4267 cilla
379 4212 487 4272 mortis
504 4209 646 4276 efficitur.
676 4211 723 4281 'Si
740 4211 811 4285 ,troc
829 4213 872 4273 ita
894 4225 950 4291 est,
970 4210 1046 4295 quid
1065 4212 1105 4277 de
1121 4216 1181 4279 illa
1194 4214 1348 4283 dcundum
