2790 4792
280 334 338 423 ee
506 327 1127 400 nesacaaneurrs

107 554 223 598 ,mm
365 526 397 585 9.
438 513 547 577 IDEM
567 512 728 577 catechesi
746 514 878 576 secunda
898 521 1122 603 mystagogieaa
1154 519 1266 587 Statim
1293 527 1352 614 igi·

281 611 352 677 tur,
373 611 408 662 ut
428 600 554 683 ingrcssi
571 602 664 677 estis,
686 612 799 661 vestem
821 602 959 663 exuistis:
981 604 1101 664 Deinde
1117 626 1192 666 vero
1210 611 1276 690 jam
1298 635 1352 674 ex-

282 687 347 761 utI,
384 687 552 745 exorcizato
582 684 652 745 olco
685 705 704 744 a
730 687 854 744 summis
885 685 1002 768 capillis
1034 689 1074 748 ad
1095 687 1217 751 infimos
1251 716 1351 779 usque

281 758 423 854 peruncti
456 771 546 845 estis,
575 782 605 829 et
635 770 799 851 participes
828 768 926 832 effecti
947 771 1125 833 fructiferae
1146 774 1231 837 illius
1264 779 1351 846 oleae

282 853 380 915 IESU
414 852 584 915 CHRISTI.
628 851 713 913 Illud
743 874 815 936 ergo
846 857 1048 916 exorcizatum
1076 856 1199 937 oleum,
1221 863 1351 937 symbe-

106 968 151 1013 Ἦ,
171 970 194 1005 ,ι
208 940 346 1014 ,walum
373 950 421 1017 cst
439 937 636 1022 pinguedinis
663 937 825 998 CHRISTI
851 937 1011 1001 nobiscum
1040 946 1302 1026 communicatae,
1323 961 1352 1013 et

105 1013 370 1110 Jffisstfgffilfquod
401 1043 490 1084 omne
510 1023 669 1104 vestigium
694 1020 865 1083 diabolicae
883 1028 1070 1106 operationis
1090 1027 1120 1085 in
1139 1028 1231 1090 nobis
1266 1028 1350 1095 dele·

280 1120 348 1170 tum
379 1110 427 1168 sit.
479 1106 558 1169 Nam
581 1118 619 1168 ut
643 1107 861 1171 insufflationes
890 1121 1065 1170 sanctornm
1089 1122 1119 1170 et
1136 1115 1272 1178 nominis
1291 1119 1350 1179 Dei

280 1195 450 1270 invocatio,
480 1202 624 1273 tanquam
655 1189 1098 1275 vehementissimequaedan
1132 1195 1256 1261 flamma
1287 1205 1349 1264 urit

279 1278 458 1353 daemones,
485 1288 517 1339 ct
543 1279 576 1335 iu
603 1275 706 1358 fugam
725 1279 891 1353 convertit:
928 1278 973 1337 sic
999 1289 1030 1339 et
1052 1282 1262 1346 exorcizatum
1288 1285 1347 1348 hoe

101 1373 154 1433 olei
171 1365 258 1430 03⁶²&-
279 1362 381 1424 oleum
399 1381 456 1445 per
477 1362 647 1421 orationem
668 1360 789 1442 Deique
812 1362 1050 1439 invocationem,
1070 1373 1183 1425 tantam
1200 1371 1347 1433 virtutem

106 1431 151 1469 ¹³¹¹
165 1425 248 1463 ”m
278 1448 493 1529 consequitur,
528 1442 644 1506 utnon
663 1445 757 1505 modo
779 1445 916 1505 ardentia
937 1460 1134 1528 peccatorum
1151 1454 1284 1537 vestigia
1299 1475 1348 1516 ex-

297 1522 413 1615 urget,
436 1552 543 1590 vernm
575 1524 664 1609 etiam
693 1550 797 1590 omnes
833 1529 1000 1592 invisibiles
1029 1531 1188 1595 daemones
1209 1537 1345 1623 repellat.

113 1625 235 1672 Profectio
243 1624 267 1666 fl·
276 1554 390 1677 l‘ostea
422 1613 656 1674 deducebamini
678 1613 717 1673 ad
738 1625 876 1674 sanctum
894 1614 990 1675 divini
1012 1616 1156 1699 Baptismi
1174 1616 1344 1684 lavacrum:

120 1681 141 1720 ⁰¹
278 1702 460 1781 atquetunc
485 1719 564 1758 unus
588 1699 696 1779 uisque
721 1688 987 1782 interrogabatur,
1009 1721 1046 1760 an
1070 1696 1261 1766 e1·ederelIn
1288 1729 1345 1769 no·

71 1778 73 1782 ’
104 1792 347 1859 armaturae-men
363 1782 484 1859 Patris,
508 1793 538 1841 et
583 1781 628 1841 ilii
648 1791 684 1840 et·
697 1780 831 1865 Spiritus
851 1784 967 1843 sanctii
989 1794 1018 1844 et
1038 1786 1170 1847 confessi
1191 1791 1264 1851 estis
1297 1813 1349 1854 sa·

101 1863 146 1892 ‘¹⁰'
278 1866 414 1929 luterem¹
455 1866 695 1941 confessionem,
746 1877 775 1925 et
812 1867 904 1926 mersi
933 1864 981 1927 ter
1023 1870 1056 1927 iu
1094 1891 1192 1953 aqua,
1237 1894 1346 1938 rursus

278 1950 447 2013 emersistis.
1207 1972 1211 1985 ·

329 2028 332 2033 ’
365 2049 413 2103 10.
455 2032 560 2094 ITEM
588 2030 712 2093 Catech.
745 2032 801 2091 III.
835 2044 941 2108 myst:
974 2034 1073 2096 Nobis
1105 2051 1269 2125 postquam
1303 2064 1341 2105 ex

118 2141 255 2190 cartennis
279 2121 368 2204 aquis
387 2120 467 2180 sacri
490 2118 602 2178 lavacri
633 2116 844 2193 ascendimus,
869 2118 974 2179 datum
1007 2132 1051 2181 est
1078 2120 1225 2203 chrisma,
1255 2128 1343 2211 quod

99 2195 439 2289 ¹⁰⁰¹¹t²⁵⁰f⁰'‘ihfaginem
458 2204 538 2286 gerit
557 2202 660 2274 illius,
680 2223 742 2283 quo
765 2213 874 2261 unctus
896 2214 942 2264 est
956 2198 1165 2267 CHRISTUS.
1206 2210 1342 2294 Deque

99 2253 245 2341 ffl'fffff:
281 2302 312 2353 et
331 2291 438 2351 be'aius
450 2288 555 2347 Esaias
578 2289 685 2347 in'sua
705 2285 880 2368 prophetia,
907 2308 943 2348 ex
958 2309 1090 2371 persona
1109 2294 1236 2355 Domini
1252 2295 1343 2359 loea-

98 2348 243 2453 Ldliq'l'nllll
278 2366 330 2436 tias
352 2384 416 2434 est:
438 2372 572 2456 Spiritus
587 2373 826 2452 Domini-super
850 2392 913 2448 me,
949 2386 1142 2458 quapropter
1170 2380 1260 2440 unxit
1281 2400 1343 2445 mea
1387 2396 1389 2401 '

99 2442 229 2488 ⁸¹⁰⁰““⁸¹⁰’
272 2451 479 2542 'evangelizare
499 2457 687 2541 pauperibus
704 2458 784 2515 misit
810 2477 867 2516 me.
911 2455 1070 2519 Caeterum
1082 2462 1184 2541 vide,
1204 2483 1245 2524 ne
1265 2464 1343 2527 illud

277 2564 342 2605 esse
359 2553 458 2625 'putes
485 2552 675 2625 unguentum
697 2552 823 2601 tantum.
866 2541 1132 2618 Quemadmodum
1156 2547 1238 2607 euim
1255 2546 1343 2635 panis

275 2626 504 2701 Eucharistiae,
535 2627 733 2707 post-'sancti
760 2627 886 2706 spiritus
905 2627 1143 2707 invocationem,
1183 2651 1250 2698 neu
1278 2654 1343 2695 am-

100 2700 254 2807 fflffil'
274 2711 358 2794 plins
375 2721 423 2773 est
435 2710 522 2792 panis
538 2712 725 2784 communis,
751 2709 851 2769 sedet
869 2710 990 2794 Corpus
1008 2712 1136 2774 Christi:
1157 2716 1242 2778 sicet
1253 2739 1343 2779 sanc·

98 2816 181 2849 virtus.
276 2808 343 2855 tum
364 2793 432 2853 hoc
461 2805 650 2874 unguentum
674 2812 735 2852 non
755 2793 883 2875 amplius
913 2807 958 2856 cst
990 2811 1179 2880 unguentum
1209 2801 1350 2881 nudant·

275 2894 376 2961 n'eque
399 2878 435 2948 tsi
460 2878 525 2958 quis
552 2879 594 2935 ita
612 2876 768 2959 appellare
784 2877 878 2956 malit)
902 2901 1072 2957 commuue,
1096 2893 1263 2965 postquam
1276 2889 1341 2968 jam

271 2969 486 3024 enumeratum
507 2971 565 3020 cst:
588 2962 642 3020 sed
653 2973 698 3022 est
715 2961 875 3021 'Charisma
891 2963 1072 3036 CHRISTI,
1093 2966 1179 3048 quod
1196 2970 1342 3033 adventu

268 3049 399 3131 'spiritus
419 3046 527 3121 sancti,-
546 3064 602 3128 per
617 3046 712 3128 ipsius
729 3045 925 3123 divinitatem,
949 3052 1099 3133 energiam
1116 3048 1225 3113 habet·
1265 3055 1340 3134 Quo

273 3134 360 3194 frons
384 3144 418 3192 ct
442 3131 494 3191 alii
516 3150 623 3190 seusus
652 3131 792 3211 corporis
813 3132 859 3189 tui
890 3132 1057 3207 symbolice
1074 3137 1283 3219 inunguntur,
1302 3148 1342 3201 -et

112 3239 210 3284 monta·
227 3235 262 3277 in·
274 3238 387 3301 eorpus
405 3217 528 3298 quidem
549 3216 608 3275 isto
627 3213 741 3275 visibili
761 3227 917 3296 unguento
937 3222 1131 3301 perungitur,
1165 3224 1267 3286 anima
1285 3222 1344 3285 ’θ’-

95 3291 183 3334 ωϋο·
272 3327 309 3365 m
328 3310 435 3363 sancto
456 3297 640 3380 viridesque
656 3301 774 3380 spiritu
788 3298 1004 3381 sanctificatur.
1045 3304 1091 3363 Ae
1121 3308 1255 3388 primum
1269 3310 1342 3391 qui·

274 3389 343 3449 dem
367 3386 472 3446 fronti
498 3384 648 3460 illinitur,
686 3394 722 3443 ut
744 3404 814 3442 eum
842 3383 997 3470 abstergat
1023 3409 1041 3448 a
1064 3388 1154 3450 vobis
1176 3393 1340 3473 pudorem,

275 3478 367 3555 quem
397 3472 515 3553 primus
550 3466 644 3529 home
673 3474 879 3550 transgressor
912 3484 1063 3556 perpetuo
1087 3475 1342 3537 circumferebat:

274 3556 426 3636 simulque
441 3552 569 3628 efficiat,
591 3563 628 3611 ut
644 3553 766 3634 possitis
782 3553 870 3614 vultu
886 3576 949 3615 non
965 3557 1064 3616 velato
1083 3557 1210 3640 glorian
1231 3562 1342 3623 Domi-

94 3660 201 3704 nurtnn.
274 3643 308 3701 ni
334 3639 457 3699 intueri.
502 3636 624 3696 DeInde
643 3657 716 3697 vero
735 3656 824 3699 aures
837 3650 1014 3722 unguntur,
1039 3653 1075 3700 ut
1094 3641 1133 3702 ad
1155 3643 1342 3706 audiendum

96 3746 239 3801 mesom-
276 3724 378 3784 divina
394 3723 542 3797 mysteria
573 3741 662 3781 aures
681 3722 850 3804 accipiatis:
873 3725 912 3782 de
935 3724 1047 3804 quibus
1070 3725 1193 3788 dicebat
1219 3729 1342 3791 Esaias:

275 3809 319 3878 Et
343 3806 464 3867 addidit
497 3803 746 3865 mihi-Dominus
767 3826 855 3867 aures
879 3805 919 3865 ad
939 3805 1132 3869 audiendum.
1176 3810 1218 3870 Et
1233 3813 1345 3876 Demi-

97 3918 180 3963 nus,
194 3912 335 3968 spanus
355 3893 387 3950 iu
402 3888 589 3972 Evangelios
624 3889 689 3964 Qui
709 3888 804 3952 habet
825 3911 912 3951 aures
933 3890 973 3951 ad
995 3894 1197 3971 audiendum,
1232 3898 1343 3959 audiat.

95 3970 218 4069 §⁹333
228 4014 269 4061 15·
277 3978 391 4038 Postea
416 3993 520 4034 nares:
552 3974 595 4035 Ut
608 3972 758 4034 divinum
774 3977 955 4057 recipientes
973 3991 1181 4060 unguentum,
1214 3980 1342 4043 dicatis:

115 4046 120 4059 ⁸
177 4044 184 4058 ’
279 4057 441 4135 CHRISTI
459 4071 565 4140 gratus
586 4055 667 4117 udor
688 4070 735 4119 est
759 4059 829 4119 Dee
848 4060 880 4118 in
900 4057 966 4137 his,
989 4064 1043 4143 qui
1061 4063 1224 4124 salvantur.
1266 4066 1345 4127 'lun

99 4152 222 4209 testeam·
278 4165 355 4207 vero
375 4153 406 4204 et
425 4153 533 4225 pectus
557 4142 731 4224 inungiture
752 4153 788 4200 ut
804 4142 905 4203 tnduti
923 4142 1083 4207 thoracem
1098 4149 1256 4227 justitiae,
1279 4151 1344 4211 for·

279 4231 356 4299 titer
383 4225 530 4293 adversus
556 4224 696 4297 insulem
723 4224 841 4288 diaboli
862 4229 1045 4299 consistatis.
1085 4232 1130 4295 Ut
1151 4234 1233 4294 culm
1246 4233 1343 4297 salva·
1385 4270 1387 4289 .
