2790 4792
325 326 880 456 cocurreret-,su-
1034 333 1134 443 ‘aaa

59 521 262 609 pontificibus
283 534 406 606 oportet
427 522 561 583 animum
583 517 751 595 intendere,
772 536 973 600 quaecunque
994 515 1040 579 illi
1063 537 1133 600 ges-

61 613 167 685 serint,
186 623 331 690 tanquam
346 628 363 668 a
379 608 449 668 Deo
469 606 597 689 agitatis.
641 603 704 680 Qui
720 602 801 662 enim
820 604 942 685 (inquit)
964 623 1019 663 ros
1042 612 1238 685 sper-boote.
1251 628 1285 667 rr.

41 696 121 770 uit,
143 715 191 753 me
211 695 333 777 spernit.
804 764 807 769 1
984 728 987 735 -
1061 734 1063 739 .
1148 696 1153 701 '
1308 700 1312 709 ’

152 790 200 844 18.
243 772 428 837 CLEMENS
450 771 578 855 epistola
607 772 729 855 prima,
760 767 801 831 ad
826 769 975 830 iacobum
1004 769 1154 831 fratrem>
1272 840 1276 847 ¹
1305 842 1314 850 ..

64 861 190 920 Domini
223 860 372 921 scribense
415 857 590 919 instruebat
618 858 656 914 D.
682 854 810 929 Petrus,
835 866 920 914 actus
954 875 1025 914 suae
1040 857 1308 927 ‚vitae13,p„,„1,‚

65 944 149 1004 omni
169 944 245 1004 hora
273 944 454 1016 custodire,
485 952 542 999 etc.
572 953 712 1000 mortuos
734 936 896 1025 sepelire,
914 948 945 996 et
973 935 1309 1037 dilldei‘ffl'iiiif'gsssslffi

64 1048 170 1088 eorum
196 1031 333 1112 exequias
364 1043 527 1110 peragere,
557 1044 616 1107 pro
636 1026 741 1107 eisquc
772 1042 883 1098 orare,
901 1033 940 1081 ‘et
967 1020 1299 1135 iliemoel·{¹f2¹,⁰33;y⁸,f,‚

61 1133 114 1173 nas
135 1111 216 1173 dare.
1069 1166 1073 1172 .
1142 1127 1236 1173 sanus.

146 1208 193 1265 19.
235 1195 344 1255 IDEM
356 1189 409 1250 lib.
424 1201 506 1250 sexto
521 1189 786 1252 Constitutionum
794 1188 1048 1271 Apostolicarum,
1062 1207 1129 1269 cap.

60 1292 129 1346 som
170 1279 242 1339 Sine
267 1278 326 1336 ulla
354 1277 530 1356 exceptione
559 1276 774 1341 couvenitein
796 1273 998 1344 coemeteria,
1028 1289 1131 1329 sacros

60 1362 160 1424 libros
181 1364 270 1440 iniis
295 1361 487 1440 legentes,.et
507 1358 668 1440 psallentes
687 1379 758 1441 pro
781 1359 829 1432 iis,
854 1360 908 1439 qui
932 1355 1132 1431 dormierunt,

57 1447 259 1520 Martyribus,
275 1454 366 1523 atque
387 1441 528 1502 omnibus
551 1445 671 1520 sanctis,
693 1444 780 1524 quia
803 1441 905 1501 seculo
921 1442 1064 1515 fuerunt,
1083 1441 1133 1515 (iu
1219 1498 1222 1503 ζ

58 1551 166 1590 eorum
186 1529 336 1587 honorem
350 1526 476 1601 scilicet)
491 1547 613 1608 proque
635 1525 782 1586 fratribus
799 1527 921 1601 nostris,
944 1524 1047 1605 quil-iu
1064 1523 1133 1587 Do-

58 1617 145 1674 mino
166 1612 326 1671 obierunt:
370 1609 412 1668 Et
423 1612 593 1692 antitypum
618 1611 728 1693 regalis
749 1611 896 1690 ‘corporis
920 1607 1050 1683 Christi,
1077 1625 1286 1672 ac-uueterteru

61 1695 306 1777 captabilemque
325 1692 549 1755 Eucharistiam
573 1693 680 1755 offerte
702 1696 733 1752 in
764 1692 907 1752 Ecclesiis
929 1704 958 1752 et
982 1676 1306 1773 coemete-‚ssfflffffffi'

59 1782 115 1838 riis
137 1778 252 1837 vestris.
294 1776 394 1859 Atque
415 1779 447 1835 iu
474 1779 555 1838 exitu
578 1791 773 1840 mortuorum
801 1776 971 1860 psallentes,
1004 1796 1056 1835 eos
1076 1776 1132 1847 de·

60 1863 175 1937 ducite,
197 1863 222 1919 si
242 1857 347 1921 fideles
371 1862 485 1921 luerint
505 1864 535 1922 in
555 1863 697 1941 Domino.
739 1861 879 1927 Pretiosa
903 1864 991 1935 enim.
1003 1861 1041 1923 iu·
1053 1881 1199 1937 coo-M
1215 1907 1258 1948 Μ,
1272 1913 1296 1950 ¹5

58 1957 169 2026 speetu
192 1945 314 2009 Dtimini
336 1966 417 2005 mors
438 1958 614 2009 sauctorum
630 1948 715 2026 ejus,
748 1945 925 2004 Etiterum:
965 1944 1200 2005 Reuertarefflil·
1219 1930 1305 1999 11⁸·ss

57 2030 158 2089 anima
181 2040 245 2087 mea
277 2031 313 2087 in·
332 2030 468 2109 requiem
491 2040 585 2104 tuam,
620 2029 764 2110 quoniam
796 2029 947 2089 Dominus
975 2020 1132 2113 'benefecit
1157 2024 1161 2031 ’

55 2113 126 2173 tibi.
169 2111 252 2170 Dicit
271 2114 351 2171 enini
372 2112 520 2173 Dominus
538 2112 723 2173 sadducaeis
741 2112 780 2172 da
797 2115 1028 2181 *resurrectione
1046 2133 1130 2171 uror-

43 2209 196 2261 .tuorum:
229 2195 298 2254 Non
326 2195 457 2278 legistis,
485 2197 574 2276 quod
602 2200 750 2278 scriptum
784 2210 846 2256 est:
891 2197 1044 2272 Quoniam
1069 2216 1125 2277 ego

57 2281 142 2339 Deus
162 2276 325 2355 Abraham,
343 2280 427 2339 Deus
442 2280 537 2354 Isaac,
553 2282 637 2339 Deus
659 2278 774 2338 Jacob:
795 2300 860 2339 non
882 2293 927 2337 est
944 2281 1032 2356 Deus
1042 2298 1129 2337 mor-

60 2375 200 2439 tuorum,
230 2364 283 2423 sed
304 2365 464 2423 vivorum2.
492 2384 596 2433 omnes
623 2364 753 2422 enimin
779 2364 846 2445 ipso
874 2363 988 2420 vivunt.
1029 2362 1128 2443 igitur·

60 2467 176 2521 eorum,
204 2449 301 2527 quiin
324 2449 390 2506 Deo
410 2451 526 2522 vivunt,
548 2465 604 2502 nec
625 2444 772 2525 reliquiae
781 2447 844 2504 sine
857 2443 975 2503 bonore
992 2454 1125 2511 manent;

58 2551 127 2591 nam
149 2530 305 2590 Helisaeus
334 2529 494 2625 Propheta
526 2538 599 2609 post
626 2526 834 2587 discessum'e.
860 2526 941 2603 vita,
969 2532 1303 2590 mortuumessrsuuer

58 2614 222 2696 quemdam
244 2617 384 2672 excitavit
406 2611 600 2670 interfectum
622 2631 639 2669 a
658 2608 766 2692 piratis
785 2611 906 2686 Syriae:
929 2614 1027 2694 attigit
1045 2602 1127 2672 ‘enim

55 2719 170 2780 corpus
187 2699 255 2776 ejus
277 2696 408 2775 Helisaei¹
432 2714 510 2761 ossa,
537 2705 629 2773 atque
652 2697 795 2759 excitatus
820 2697 916 2772 vixit,
948 2696 1036 2777 quod
1060 2695 1128 2755 fac*

55 2794 124 2844 tum
145 2799 209 2839 non
227 2791 312 2850 esset,
331 2780 388 2837 nisi
416 2777 544 2838 Helisaei
572 2798 684 2860 corpus
700 2784 835 2840 sanctum
854 2780 970 2842 fuisset.
1222 2832 1224 2836 .

145 2859 188 2930 1(
215 2862 251 2920 Ε.
271 2859 594 2921 CHRYSOSTOMUS
617 2862 742 2924 homilia
758 2865 845 2926 tertia
868 2867 900 2925 iu
921 2863 1128 2947 epistolamad

57 2948 288 3029 Philippenses:
318 2945 504 3027 ,Lugeamus
521 2959 696 3031 peccatores
716 2969 779 3008 uon
797 2951 895 3011 solum
910 2962 1058 3024 mortuos,
1073 2948 1127 3008 sed

57 3045 91 3092 et
109 3035 251 3088 viventes.
295 3026 485 3090 Gaudeamus
505 3040 637 3113 propter
661 3034 779 3112 justos,
803 3055 865 3094 non
894 3033 992 3092 solum
1024 3035 1127 3090 riven-

57 3129 115 3186 tes,
138 3111 192 3172 sed
221 3124 251 3171 et
278 3124 424 3174 mortuos.
466 3116 582 3191 lterum
617 3128 738 3196 postea:
780 3117 954 3200 Deplorato
980 3136 1046 3189 cos,
1071 3116 1126 3195 qui

58 3201 93 3260 in
125 3195 237 3279 diritiis
254 3198 366 3256 mortui
395 3209 475 3274 sunt,
502 3211 532 3260 et
556 3198 634 3258 nihil
661 3199 878 3261 consolationis
907 3202 967 3259 suis
990 3203 1128 3281 ipsorum

56 3280 217 3344 animabus
241 3300 275 3341 ex
295 3281 407 3341 divitiis
427 3283 489 3343 suis
515 3297 739 3365 procurarunt:
764 3307 824 3362 eos,
851 3287 989 3367 quicum
1019 3297 1127 3367 potes·
1278 3349 1279 3353 ,

56 3378 149 3429 tatem
171 3363 394 3425 abluendorum
414 3379 611 3449 pcccatorum
635 3364 1018 3446 babuissenu'noluerunt.
1061 3369 1125 3427 Hos
1194 3387 1210 3431 ,’
1260 3392 1265 3398 ’

55 3453 180 3532 inquam
204 3469 265 3507 non
284 3468 379 3509 unum
406 3463 458 3511 aut
485 3451 613 3512 alterum
638 3452 831 3535 deploremus
861 3454 954 3522 diem,
980 3451 1034 3512 sed
1059 3472 1126 3512 om-

56 3557 126 3596 nem
147 3543 282 3595 nostram
306 3535 406 3594 vitam.
455 3532 525 3596 Non
550 3549 622 3596 sunt
650 3537 777 3598 absurdi
800 3538 926 3598 affectus
945 3532 1003 3597 bae
1025 3536 1125 3612 lacry-

56 3640 142 3691 mae,
164 3614 218 3677 sed
240 3620 339 3700 magni
360 3617 478 3678 amoris·
522 3619 692 3681 Deileamus
711 3625 795 3695 istos,
808 3626 946 3704 juvemus
967 3624 1040 3681 istos
1061 3639 1120 3703 pro
1160 3645 1303 3692 reseretur

56 3703 189 3763 viribus:
213 3722 414 3780 procuremus
433 3702 492 3762 illis
511 3702 627 3784 aliquid
646 3707 757 3783 auxilii,
779 3708 893 3767 modici
915 3707 1046 3787 quidem,
1076 3714 1122 3764 at·
1133 3699 1287 3797 fffi'g'fffffg?

54 3801 156 3848 tamen
179 3787 318 3866 juvemus
342 3806 402 3846 eos.
446 3787 625 3865 Quomodo,
649 3786 908 3871 quave-ratione?
949 3790 1215 3849 praeaeternae

56 3870 267 3931 Adhortemur
287 3882 317 3930 et
338 3870 422 3945 alios,
443 3880 480 3930 ut
505 3890 564 3953 pro
583 3872 641 3931 illis
663 3889 780 3948 orent:-
800 3874 1051 3957 pauperibusque
1073 3876 1124 3933 in·

57 3955 230 4015 desinenter
249 3975 308 4037 pto
323 3955 380 4014 illis
398 3954 601 4030 eleemosynas
616 3955 731 4021 demus.
774 3957 873 4018 Habet
894 3979 941 4017 res
963 3959 1020 4018 ista
1039 3978 1122 4018 non-

10 4052 12 4057 ·
57 4037 134 4098 nibil
161 4040 385 4099 consolationis.
426 4038 510 4099 Audi
535 4043 664 4122 quippe,
691 4040 768 4122 quid
788 4043 881 4103 Deus
907 4043 1002 4105 dicat:
1044 4043 1126 4103 Pro·
1137 4082 1300 4135 „mm

56 4135 156 4206 tegam
177 4123 324 4183 civitatem
348 4126 435 4183 istam
455 4137 583 4207 propter
604 4147 662 4203 me,
686 4138 716 4186 et
728 4139 864 4211 puppter
888 4128 987 4188 David
1008 4149 1128 4189 servum

53 4227 166 4295 meum
191 4205 410 4270 -Simemorie
429 4208 576 4285 duntaxat
593 4208 673 4292 jusu
691 4220 810 4277 tautum
824 4211 939 4291 -vtluit,
960 4214 1128 4307 quando'et

1139 2233 1209 2282 um·
1222 2249 1254 2290 ta,
1269 2254 1303 2292 27,
