2790 4792
189 288 331 389 ¹aro-
487 302 1075 381 oussoeaurrro

72 530 175 583 Μ,
189 533 209 572 i,
246 517 290 557 re.
331 494 374 555 Et
393 492 450 557 ubi
475 503 521 555 est
537 489 641 553 illudi
681 489 731 563 sie
749 502 851 553 autem
877 491 961 553 Deus
976 511 1087 567 verax,
1109 488 1208 551 omnis
1225 487 1346 551 bomo·

68 580 212 645 'til-⁹⁵⁶·
244 577 393 657 mendax,
418 576 504 641 ¹iicut
534 578 688 660 scriptum
722 588 788 639 esta
817 578 859 637 Ut
872 575 1049 659 justificeris
1075 577 1106 636 io
1123 574 1325 634 sermonibus

244 667 325 742 iuis,
359 673 390 723 et
424 664 547 739 ducas,
577 683 647 723 eum
672 660 846 745 judiceris?
895 661 937 722 Ut
968 679 1188 744 cognoscamus
1226 660 1324 743 igitur

244 750 345 812 Deum
367 747 592 813 misericordiae
612 748 691 806 ma'
729 745 935 830 indulgentem
959 767 1032 821 esse,
1051 766 1141 826 quam
1171 746 1325 804 severita-

71 868 209 911 θυμω
246 834 286 895 tis
309 846 460 909 tenacem,
482 835 548 915 ipse
569 833 627 891 ait:
648 766 893 891 llil'sericordiam
907 830 996 906 malo,
1020 851 1111 911 quam
1123 826 1322 889 sacrificium.

87 934 158 1003 ,mg
186 966 235 1000 ou,
331 931 360 986 l·
404 918 458 979 ET
480 938 505 977 c.
529 929 577 984 7.:
600 914 677 976 Vult
696 915 858 990 Dominus,
881 914 1045 996 plurimum
1066 934 1156 995 posse
1180 913 1323 994 discipu-

72 1017 174 1098 ·trtem.b
195 1003 294 1064 0118Ιος
314 1023 412 1079 suos,
431 1000 499 1062 vult
517 1021 534 1062 a
553 999 681 1061 servulis
697 1001 759 1060 suis
781 1020 814 1058 ea
843 996 910 1058 ficri
929 1000 960 1056 in
989 1001 1112 1058 nomine
1133 1018 1211 1073 suo,
1243 998 1324 1078 quae

70 1063 223 1150 llllilde'..
250 1085 414 1148 faciebati
454 1085 608 1169 epositus
625 1083 658 1145 in
676 1085 775 1145 terris.
817 1084 961 1163 Denique
982 1086 1041 1143 ait:
1071 1082 1114 1143 Et
1130 1082 1252 1163 majora
1275 1080 1323 1140 bis

72 1161 224 1253 'jffimm
251 1173 375 1232 facietis.
412 1106 535 1246 lledit,
556 1180 593 1228 ut
614 1180 754 1245 mortuos
782 1171 984 1245 suscitarent„
1015 1167 1142 1227 Etcum
1161 1168 1228 1249 ipse
1244 1164 1325 1225 Sau-

73 1256 281 1349 ffitpffiffilo
312 1256 443 1317 reddere
473 1266 594 1337 posset
614 1272 704 1313 usum
723 1251 867 1328 videndi,
901 1270 970 1311 eum
1002 1264 1100 1310 tamen
1119 1250 1158 1311 ad
1173 1248 1322 1309 Ananiam

164 1315 197 1357 Μ’
231 1330 436 1423 ⁸discipulum
459 1359 547 1398 suum
567 1330 665 1411 misit',
696 1348 732 1397 ut
767 1338 834 1416 ejus
864 1335 1079 1395 benedictione
1098 1333 1194 1395 Saulo
1212 1335 1323 1394 refun-

250 1427 397 1485 derentur
430 1423 528 1497 oculi,
564 1442 643 1503 quos
668 1423 818 1481 amiserat.
861 1419 988 1480 Petrum
1014 1441 1137 1500 quoquc
1161 1438 1264 1477 secum
1290 1419 1322 1476 iu

251 1511 328 1569 mari
360 1509 452 1590 jussit
480 1506 655 1567 ambulare:
686 1518 716 1566 et
738 1507 810 1586 quia
835 1503 996 1581 titubavit,
1019 1500 1218 1586 reprehendit
1238 1503 1321 1575 ilico,

251 1592 398 1675 eoquod
427 1591 506 1652 dona
530 1593 696 1674 gratiarum
714 1589 787 1650 lidci
806 1586 994 1671 pauxillitate
1016 1590 1183 1646 minuisset.
1226 1587 1322 1646 Dedit

76 1713 159 1754 mm„
173 1720 192 1757 ⁵.
203 1709 237 1759 44,
253 1679 341 1736 etiam
363 1676 543 1756 discipulis,
565 1688 600 1734 ut
613 1675 664 1737 lux
682 1675 788 1735 mundi
809 1684 908 1733 essent
929 1695 985 1757 per
1007 1674 1152 1755 gratiam,
1187 1672 1241 1751 qui
1259 1681 1323 1731 erat

74 1765 228 1857 ffisspfflh
251 1762 314 1842 ipse
333 1760 511 1821 luxmundi.
554 1759 596 1819 Et
606 1759 680 1840 ¹qiua
696 1759 898 1818 descensurus
924 1769 1030 1816 essete
1057 1755 1140 1816 caelo
1154 1765 1184 1812 et
1199 1757 1230 1813 iu
1251 1776 1321 1814 cae-

88 1840 94 1852 ’
140 1824 191 1866 ‘⁹'
232 1839 315 1903 ¹lum
343 1862 540 1916 ascensurus,
575 1842 670 1902 Eliam
701 1840 741 1901 ad
760 1842 874 1910 caelum
895 1840 1026 1917 levavit,
1049 1839 1120 1899 inde
1140 1860 1209 1898 eum
1232 1840 1321 1899 terris

250 1927 364 2009 placito
385 1924 563 1984 redditurus
581 1937 728 2006 tempore.
771 1924 984 2006 baptizaturus
1016 1945 1139 2005 quoque
1159 1925 1192 1983 in
1210 1925 1320 2005 spiritu

252 2020 356 2069 sancto
385 2019 414 2068 et
443 1996 527 2088 igit,
561 2029 616 2089 per
638 2009 784 2067 loannem
803 2008 991 2089 baptismatis
1021 2021 1207 2068 sacramenta
1228 2028 1316 2089 prae-

252 2094 344 2157 misit.
393 2090 504 2151 Omnia
531 2091 661 2173 denique
690 2092 816 2151 donavit
850 2091 1006 2173 discipulis
1030 2096 1115 2163 suis,
1145 2091 1315 2172 dequibus

76 2224 161 2268 matth·
173 2228 194 2265 ὃ,
208 2225 240 2261 4,
254 2179 313 2237 ait:
335 2177 371 2236 In
392 2177 514 2235 nomine
541 2198 608 2235 mco
624 2175 780 2235 daemonia
800 2176 999 2253 ejicientxetc.
1046 2178 1155 2236 Omnia
1170 2196 1240 2260 ergo
1261 2175 1317 2235 de-

76 2278 132 2317 Mar·
144 2279 176 2316 1⁶·
187 2275 219 2313 1⁷·
255 2263 314 2323 elit:
345 2260 399 2321 sed
420 2260 504 2320 nulla
525 2263 553 2320 in
579 2261 627 2320 his
648 2259 780 2335 bominis
805 2272 940 2341 potestas
960 2274 1024 2336 cst,
1054 2263 1108 2320 ubi
1132 2262 1227 2320 divini
1249 2274 1319 2318 mu-

77 2394 163 2434 conm
179 2391 225 2433 rto-
252 2349 332 2407 ncris
350 2348 447 2429 gratia
472 2347 560 2430 viget.
600 2345 677 2406 'Cur
705 2365 779 2429 ergo
796 2365 902 2419 manus
927 2347 1101 2428 imponitis,
1124 2357 1153 2405 et
1176 2338 1323 2404 benedic-

74 2445 190 2485 vrtianoa·
251 2433 344 2493 tionis
367 2450 446 2513 opus
468 2432 613 2507 creditis,
645 2432 760 2513 siquis
784 2430 865 2490 sorte
894 2431 1023 2489 revaluit
1046 2429 1212 2513 aegrotos?
1257 2429 1322 2488 Cur

251 2518 454 2600 praesumitis,
479 2516 600 2596 aliquos
627 2537 644 2576 a
677 2516 846 2576 colluvione
881 2514 997 2573 diaboli
1021 2536 1076 2596 per
1100 2535 1154 2572 vos
1179 2513 1324 2573 mundari

251 2599 367 2682 posse?
411 2601 474 2658 Cur
493 2598 676 2681 baptizatis,
698 2602 723 2660 si
744 2622 800 2682 per
820 2598 971 2658 hominem
993 2610 1118 2681 peccata
1131 2598 1244 2657 dimitti
1259 2618 1322 2658 nou

250 2683 344 2742 licet?
386 2683 421 2741 ln
454 2683 608 2764 baptismo
637 2687 744 2765 utique
773 2686 911 2743 remissio
951 2695 1149 2765 peccatorum
1184 2683 1324 2742 omnium

250 2777 304 2825 est.
348 2765 434 2841 Quid
456 2767 604 2840 interest,
633 2781 737 2827 utrum
758 2789 815 2850 per
836 2769 1074 2849 poenitentiam,
1104 2788 1140 2826 an
1161 2787 1218 2849 por
1238 2768 1324 2827 lava-

251 2870 335 2908 crum
355 2849 414 2908 hoc
430 2851 480 2928 jus
501 2848 558 2908 sibi
577 2849 682 2909 datum
697 2852 871 2910 sacerdotes
879 2851 1056 2911 vindicent?
1077 2872 1169 2909 unum
1185 2853 1216 2909 in
1228 2862 1323 2911 utro·

118 2991 132 3032 l
176 2985 184 3033 ἱ
252 2954 310 3015 que
344 2935 547 2992 ministerium
576 2948 629 2993 est.
674 2934 734 2994 Sed
756 2935 856 3009 dices,
888 2938 959 3015 quia
989 2936 1156 2995 inlavacro
1176 2947 1322 3017 operatur

76 2993 234 3104 ,adelaidis
250 3021 465 3094 mysteriorum
496 3020 602 3098 gratia.
654 3018 739 3095 Quid
765 3022 795 3077 in
821 3020 1026 3100 poenitentia?
1057 3040 1159 3079 nonne
1181 3020 1240 3079 Dei
1262 3040 1322 3079 no-

74 3101 318 3190 {ssffsssslffl‘men
346 3102 530 3186 operaturl'
570 3104 654 3178 Quid
685 3103 781 3186 ergo?
816 3102 868 3161 ubi
900 3104 1005 3181 vultis,
1039 3105 1198 3163 vindicatis
1230 3102 1320 3164 vobis

76 3188 225 3280 agrum·
250 3190 308 3246 Dei
327 3200 474 3271 gratiam,
493 3188 548 3248 ubi
573 3187 675 3263 vultis,
696 3185 882 3271 repudiatis?
924 3189 984 3248 Sed
1005 3189 1066 3248 boc
1093 3187 1249 3248 insolentis
1268 3209 1322 3248 ar-

125 3266 130 3279 '
251 3279 429 3354 rogantum,
465 3294 527 3333 non
555 3276 651 3332 sancti
679 3275 798 3332 timoris
826 3283 890 3347 est,
930 3287 965 3332 ut
982 3272 1105 3332 fastidio
1137 3270 1227 3333 vobis
1248 3275 1319 3345 sint,

251 3360 303 3438 qui
334 3356 442 3415 volunt
471 3378 560 3440 agere
596 3360 822 3440 poenitentiam.
862 3358 997 3439 =Perpeti
1018 3357 1158 3416 videlicet
1182 3355 1320 3417 {lentium

250 3441 388 3500 lacrimas
417 3462 479 3501 non
504 3444 642 3523 potestis.
692 3442 762 3503 Non
785 3442 889 3502 ferunt
918 3442 1002 3502 oculi
1018 3443 1111 3500 vestri
1133 3439 1203 3501 vilia
1227 3444 1320 3502 vesti-

249 3538 436 3600 mentorum,
459 3525 590 3584 illuvicm
619 3526 859 3587 sordidatorum.

333 3623 361 3676 5.
407 3610 514 3669 IDEM
548 3609 600 3667 lib.
624 3625 652 3677 2.
689 3612 727 3670 de
749 3612 937 3691 poenitentia
975 3632 1001 3670 c.
1023 3625 1067 3677 2:
1099 3610 1224 3669 Possem
1247 3610 1321 3690 qui·

250 3691 429 3753 demetiam
453 3692 531 3752 illud
553 3693 655 3753 dicore
673 3698 717 3772 ei,
741 3698 792 3775 qui
815 3695 897 3771 hoc,
923 3696 1007 3776 quod
1026 3694 1171 3754 scribitur
1194 3694 1233 3753 ad
1256 3694 1321 3753 He·

248 3777 376 3854 bracos,
400 3778 438 3837 de
457 3779 644 3861 poenitentia
667 3779 781 3839 dictum
801 3794 905 3862 putat,
929 3783 1015 3861 quia,
1040 3801 1118 3861 quae
1141 3778 1320 3860 impossibi-

248 3861 289 3921 lia
306 3874 377 3920 sunt
397 3861 535 3940 homini,
559 3863 720 3944 possibilia
749 3865 914 3946 suntapud
935 3866 1056 3923 Dcume
1087 3875 1116 3922 et
1135 3876 1247 3945 ⁴potens
1275 3873 1321 3921 cst

248 3946 348 4021 Deus,
371 3947 496 4027 quando
517 3947 583 4008 vult
607 3948 723 4010 donare
738 3948 828 4009 nobis
846 3960 970 4030 peccata
982 3990 992 4024 ,
1016 3950 1104 4008 etiam
1116 3990 1126 4024 ,
1158 3967 1236 4027 quae
1258 3967 1320 4027 pu-

250 4041 346 4088 tamus
366 4052 429 4090 non
447 4053 539 4113 posse
561 4033 697 4093 concedi.
741 4034 783 4092 Et
805 4033 894 4107 ideo,
917 4031 1004 4112 quod
1026 4032 1119 4092 nobis
1138 4030 1319 4114 impossibi-

248 4113 276 4174 le
306 4115 472 4194 impetratu
508 4116 649 4193 videtur,
685 4118 753 4177 Deo
787 4117 901 4175 dcnare
926 4107 1074 4196 possibile
1095 4128 1147 4177 cst.
1190 4116 1266 4175 Nam
1289 4125 1320 4173 et

69 4244 226 4298 ,mm
249 4197 439 4282 impossibile
456 4197 637 4281 videbatur,
657 4213 862 4286 utpeccatum
883 4198 1025 4261 ablueret
1043 4218 1130 4284 aqua.
1172 4201 1319 4280 Denique
