2790 4792
395 307 864 410 arcatores*
948 350 949 355 Ν
1043 300 1121 417 34'7

59 537 240 598 unctionem
275 551 294 594 a
322 530 463 596 fidelibus
494 532 559 592 sine
591 514 736 611 peceat&
747 527 896 589 contemni
926 547 1015 611 posse
1039 523 1140 586 affir·

36 633 155 686 mant.
197 621 280 680 Haec
307 619 385 681 enim
408 618 508 679 omnia
531 613 768 675 manifestissime
800 623 935 697 pugnant
956 632 1025 689 cum
1047 631 1122 692 per-

54 708 179 789 spicuis
200 704 273 762 tanti
292 702 434 786 Apostoli
456 699 566 761 verbis.
608 697 672 757 Nec
692 695 835 778 profecto
859 696 995 756 Ecclesia
1008 694 1122 755 Roma-

60 810 102 848 na
132 789 255 847 aliarum
287 789 418 851 omnium
438 797 534 846 mater
557 794 586 843 et
606 782 764 864 magistra,
787 779 871 839 aliud
892 781 923 839 in
944 779 1122 851 hacadmi-

62 872 219 931 nistranda
241 875 402 948 unctione,
426 882 574 951 quantum
597 868 634 925 ad
658 885 712 940 ea,
735 885 811 946 quae
832 863 926 943 hujus
947 865 1296 932 sacramentinfflwmm.

45 956 256 1037 ‚substantiam
278 954 464 1039 perficiunt,
500 951 658 1026 observat,
683 970 774 1030 quam
796 948 881 1030 quod
904 948 1009 1007 beatus
1031 941 1296 1029 laco-'cffffl‘t’ssnss‘'

61 1039 138 1118 bus·
156 1043 359 1122 praescripsit.
416 1037 479 1096 Nec
508 1057 581 1096 vero
615 1036 692 1095 tanti
722 1033 900 1094 sacramenti
932 1040 1182 1112 contemptumne
1200 1039 1296 1098 ‚aritium

60 1124 177 1205 absque
198 1126 311 1207 ingenti
332 1122 463 1195 scelere,
491 1132 520 1180 et
542 1121 636 1204 ipsius
660 1120 784 1200 spiritus
806 1117 902 1176 sancti
924 1117 1038 1196 injuria
1061 1093 1207 1197 esselial⁰²¹
1220 1101 1279 1140 ‘⁰¹¹¹'

59 1212 163 1292 possit.
206 1210 289 1268 Haec
309 1219 399 1282 sunt,
430 1224 506 1285 quae
542 1208 579 1263 de
600 1205 806 1287 poenitentiae
828 1214 858 1261 et
880 1213 1026 1260 extremae
1048 1202 1125 1258 uuo-

58 1295 149 1353 tionis
168 1293 373 1352 ‘sacramentis
396 1287 472 1348 haec
497 1301 599 1349 sancta
622 1285 816 1349 oecumenica
840 1283 975 1359 synodus
998 1280 1125 1366 profite-

57 1389 110 1436 tur
134 1389 164 1436 et
200 1376 313 1450 docet,
348 1385 439 1455 atque
457 1373 597 1433 omnibus
618 1371 731 1430 Christi
756 1366 901 1429 fidelibus
924 1368 1073 1428 credenda
1097 1377 1127 1425 et

60 1460 192 1519 tenenda
219 1461 380 1541 proponit.
432 1457 600 1539 Sequentes,
621 1468 721 1514 autem
747 1455 885 1514 Canones
908 1450 1127 1512 inviolabiliter

58 1543 240 1603 servandos¹
260 1561 323 1600 esse
346 1540 453 1617 tradit,
491 1552 520 1602 et
550 1551 716 1601 asserentes
738 1534 943 1614 contrarium,
975 1532 1127 1623 p'erpetuo

60 1628 185 1687 damnat
199 1637 228 1682 et
253 1623 490 1685 anathematizat.

144 1706 188 1766 IN
210 1708 313 1766 eadem
334 1712 465 1769 sessione
486 1729 583 1768 canon
603 1709 731 1791 primus
749 1705 788 1766 de
810 1719 937 1766 extrema
959 1704 1104 1764 unctione
1118 1726 1142 1783 ε,

58 1794 92 1852 Si
115 1794 184 1873 quis
206 1792 332 1868 dixerit,
363 1806 521 1852 extremam
546 1794 718 1852 unctionem
740 1810 801 1851 non
825 1810 886 1850 esse
907 1810 977 1849 vere
999 1800 1027 1848 et
1048 1809 1125 1870 pro·
1136 1791 1298 1882 ffim'*

58 1879 127 1960 prie
158 1888 376 1935 sacramentum
407 1876 569 1937 aChristo
592 1878 725 1936 Domino
747 1886 856 1935 nostro
876 1876 1065 1947 institutum,
1095 1883 1126 1931 et
1181 1846 1258 1883 Μ

59 1983 77 2020 a
105 1960 196 2019 beato
222 1960 340 2020 Jacobo
363 1961 515 2042 Apostolo
544 1960 788 2043 promulgatum,
819 1957 872 2019 sed
894 1958 984 2017 ritum
1005 1969 1123 2017 tantum

56 2055 215 2125 acceptum
250 2063 267 2103 a
314 2043 481 2122 Patribus,
525 2063 559 2105 ao
595 2042 771 2133 figmentum
816 2042 1004 2119 humanum,
1048 2061 1123 2105 ana-

56 2127 159 2188 thema
187 2128 234 2185 sit.

143 2208 283 2271 CANON
304 2225 349 2277 22
371 2209 404 2271 si
425 2212 493 2294 quis
510 2211 636 2289 dixerit,
656 2232 772 2291 sacram
781 2207 976 2272 infirmorum
996 2212 1121 2273 unctio·
1218 2271 1221 2275 .

58 2314 127 2355 nem
145 2314 206 2355 non
229 2293 368 2355 conferre
390 2298 533 2379 gratiam,
553 2317 610 2355 nec
631 2297 783 2353 remittere
804 2307 946 2375 peccata,
968 2299 1025 2353 'nec
1046 2293 1121 2353 alle·
1134 2318 1299 2365 brittannos.

59 2379 140 2440 viare
156 2374 325 2461 infirmos,
358 2380 413 2440 sed
433 2382 495 2459 jam
517 2386 662 2453 cessasse,
686 2378 773 2458 quasi
796 2375 867 2435 olim
889 2388 1007 2438 tantum
1028 2376 1122 2437 fuerit
1135 2369 1188 2411 sm·

58 2465 155 2548 gratia
176 2465 380 2539 curationum,
402 2463 562 2522 anathema
583 2461 631 2519 sit.

141 2547 281 2608 CANON
302 2556 350 2614 3.':
390 2546 422 2604 Si
446 2546 514 2626 quis
543 2544 652 2601 dixerit
683 2552 831 2603 extremae
851 2543 1002 2604 unctionis
1031 2532 1122 2603 ritum
1135 2567 1252 2612 tantona.

56 2641 88 2692 et
105 2650 215 2705 usum,
237 2651 328 2710 quem
350 2629 490 2688 observat
519 2622 627 2687 sancta
640 2627 776 2690 Romana
798 2625 948 2700 Ecclesia,
971 2649 1122 2713 repugna-

57 2728 93 2774 re
121 2715 284 2773 sententiae
316 2713 397 2772 beati
425 2710 533 2787 Jacobi
562 2710 722 2793 Apostoli,
754 2710 886 2791 ideoque
913 2734 979 2773 eum
1001 2727 1124 2775 mutan-

58 2799 156 2869 dum,
189 2816 341 2878 posseque
375 2816 393 2856 a
420 2794 601 2856 Christianis
638 2794 756 2880 absque
790 2810 916 2879 peccato
958 2801 1121 2872 contemni,

55 2881 216 2942 anathema
239 2881 289 2939 sit.
721 2884 723 2888 ‘

143 2961 282 3024 CANON
303 2975 347 3030 aa
368 2962 400 3022 st
423 2965 491 3046 quis
511 2964 630 3040 dixerit,
647 2966 843 3048 presbyteros
858 2966 1021 3041 Ecclesiae,
1041 2956 1122 3048 quos

57 3048 166 3108 beatus
199 3045 332 3108 Jacobus
366 3047 560 3109 adducendos
590 3069 652 3110 esse
679 3050 717 3110 ad
740 3047 892 3109 infirmum
912 3050 1121 3134 inungendum

58 3131 223 3208 bortatur,
264 3151 326 3191 non
349 3153 411 3193 esse
433 3135 603 3194 sacerdotes
624 3133 662 3193 ab
691 3136 834 3218 episcopo
857 3133 1032 3209 ordinatos,
1066 3133 1120 3194 sed

57 3225 157 3277 aetate
178 3217 309 3276 seniores
331 3219 362 3276 in
385 3216 491 3299 quavis
516 3212 745 3296 communitate,
782 3217 938 3298 ohkidque
960 3221 1120 3301 proprium
1171 3285 1173 3290 s

57 3309 207 3360 extremae
240 3303 390 3362 unctionis
418 3301 596 3362 ministrum
614 3325 677 3364 non
714 3323 777 3364 esse
797 3302 896 3363 solum
920 3303 1117 3383 sacerdotem,

56 3383 217 3446 anathema
237 3385 285 3444 sit.
785 3390 787 3397 '
828 3445 832 3453 ,
990 3378 1008 3389 ”

140 3480 169 3536 4.
213 3460 491 3530 INNOCENTIUS
533 3473 647 3554 primus
679 3474 766 3554 e'pist.
803 3483 831 3539 1.
867 3469 904 3531 ad
937 3471 1118 3532 Decentium

54 3552 256 3636 Eugubinum
284 3557 459 3639 episcopum
485 3575 549 3637 cap.
572 3569 600 3622 8.
643 3556 721 3616 Sane
743 3552 886 3637 quoniam
916 3557 953 3616 de
975 3557 1035 3616 hoc
1057 3557 1119 3614 sic-

54 3637 102 3697 uti
124 3636 161 3696 de
184 3639 329 3712 caeteris,
350 3638 510 3699 consulere
536 3640 633 3700 voluit
652 3640 775 3700 dilectio
798 3654 867 3718 tua,
890 3634 1002 3722 adjecit
1030 3643 1119 3700 etiarn

57 3719 143 3781 filius
164 3741 248 3781 meus
272 3721 458 3782 Caelestinus
486 3723 630 3784 diaconus
653 3727 684 3783 in
707 3725 836 3806 epistola
857 3746 931 3801 sua,
954 3746 1045 3786 essea
1066 3737 1119 3784 tua
1194 3720 1197 3725 ’

56 3804 226 3866 dilectione
252 3807 386 3888 positum
407 3799 594 3888 illud‚'quod
615 3809 645 3867 in
658 3807 739 3867 beati
761 3808 903 3890 Apostoli
922 3810 1030 3871 Jacobr
1054 3803 1239 3900 epi-³2⁰⁰l·⁵·
1253 3808 1292 3854 ¹⁴·

39 3887 137 3949 'stola
156 3892 362 3972 conscriptum
384 3904 448 3952 est:
473 3889 661 3971 Silinfirmus
684 3890 794 3972 aliquis
816 3895 847 3953 in
874 3894 963 3954 vobis
986 3907 1041 3971 est,
1062 3859 1169 3954 vb-t·

55 3984 105 4070 cet
130 3974 345 4055 presbyteros,
376 3986 406 4036 et
439 3986 527 4036 orent
546 3970 641 4059 super
661 3996 749 4050 eum,
784 3989 929 4060 ungentes
955 3999 1022 4038 eum
1046 3978 1118 4041 oleo

54 4076 89 4116 tn
108 4059 231 4117 nornine
260 4060 402 4119 Domini:
436 4072 466 4121 et
488 4061 587 4121 oratio
608 4057 681 4121 fidei
702 4058 829 4122 salvabit
848 4059 1053 4140 laborantem,
1087 4076 1119 4125 et

53 4142 216 4202 suscitabit
241 4141 325 4202 illum
342 4144 494 4206 Dominus
504 4144 515 4204 i
549 4157 579 4206 et
613 4145 638 4205 si
660 4156 784 4226 peccata
804 4144 892 4224 fecit,
926 4149 1059 4210 remittet
1080 4150 1115 4212 ei
1126 4143 1290 4234 ‚fglfllfflgss

52 4224 154 4305 Qu⁰d
190 4244 256 4288 nou
282 4237 330 4291 est
360 4221 739 4310 aestumatissimus
768 4226 997 4318 aegrotantibus
1017 4233 1214 4316 accipiunto
1231 4231 1276 4283 aa·
1378 4298 1381 4317 Ι
