2790 4792
429 294 827 370 bacato-tls·
1014 314 1018 319 ·
1087 256 1246 387 asts

87 477 201 562 loquar
221 479 399 543 vobiscum:
420 482 502 543 venit
530 481 611 544 enim
630 482 775 564 princeps
795 477 902 541 mundi
928 481 1045 564 hujus,
1072 494 1103 542 et
1134 483 1245 541 insoan.
1262 495 1295 536 m.
1309 498 1340 534 ao.

87 584 138 625 me
160 587 223 626 non
244 565 342 627 babet
357 567 533 648 quidquam,
577 566 763 642 Quia-Tenim
778 561 860 624 hune
881 568 1038 628 mortalem
1060 565 1163 627 bomi-
1188 580 1191 585 '

86 669 160 715 nem
193 650 293 726 vidit,
315 671 400 715 auum
420 653 457 711 -in
482 651 535 712 illo
557 649 674 711 'mundi
691 649 845 730 ‚princeps
875 649 992 731 aliquid
1027 653 1161 713 invenire

87 753 181 814 posse
203 734 361 801 credidit*
382 735 539 818 Et.paulo
556 746 647 816 post:
690 731 778 793 Unde
802 732 968 795 curandum
993 735 1084 801 nohis
1105 748 1159 812 est,

89 828 124 877 et
148 838 216 877 cum
238 819 518 902 magniaquotidie
539 817 663 881 fletibus
684 814 893 900 cogitandum,
916 818 1006 900 quani
1023 819 1157 896 rabidus,

88 920 184 980 quam
204 903 350 965 terribilia
363 906 483 968 ,suain
507 903 599 963 nobis
618 923 717 984 opere
747 901 908 981 requirens
939 903 970 961 in
988 902 1040 962 die
1060 908 1158 964 nostri

86 986 185 1043 exitus
207 988 348 1071 princeps
361 982 464 1068 ,hujus
484 986 591 1048 mundi
608 988 727 1063 veniat,
745 985 771 1044 si
793 986 880 1045 etiam
907 984 946 1044 ad
966 986 1068 1047 Deum
1090 1008 1158 1046 car·
1170 1000 1173 1005 ·
1187 984 1237 1041 0·

83 1087 126 1127 ne
156 1073 331 1133 morientem
356 1075 448 1145 venit,
471 1081 500 1131 et
533 1073 565 1131 in
590 1070 647 1137 illo
669 1069 803 1151 aliquid,
834 1071 1003 1150 qnaesivit,
1037 1072 1068 1129 in
1092 1092 1155 1150 quo
1229 1138 1238 1155 ,

81 1157 330 1231 suuminvenire
359 1153 441 1221 nihil
468 1156 581 1237 potuit.
623 1155 711 1230 Quid
739 1154 842 1235 itaque
869 1174 925 1215 nos
960 1156 1062 1213 miseri
1088 1155 1156 1213 dic-

81 1239 160 1312 turi,
189 1239 265 1320 quid
292 1242 532 1314 acturi-sumus,
553 1239 609 1320 qni
634 1234 792 1299 innumera
817 1238 896 1299 mala
931 1238 1156 1303 commisimus?

80 1320 168 1396 Quid
190 1326 360 1404 requirenti
385 1317 856 1397 adve1·sa1·io„.etmultasuain
875 1322 969 1389 nobis¹
989 1325 1155 1383 invenienti

80 1403 227 1483 dicemus,
250 1409 307 1467 nisi
325 1405 431 1475 solum,
444 1407 530 1486 quod
554 1404 716 1477 nobis-est
730 1419 856 1475 ,certum
875 1406 1029 1489 refugium
1046 1419 1077 1466 et
1102 1427 1156 1469 so-

78 1484 143 1548 lida
162 1511 239 1572 spes,
256 1492 336 1570 quia
351 1511 445 1555 unum
470 1512 537 1555 cum
554 1491 701 1559 illo'facti
726 1511 846 1564 sumus,
867 1492 899 1551 in
918 1511 983 1570 quo
1006 1492 1155 1572 princeps

52 1582 55 1587 '
76 1569 175 1652 liujus
196 1574 315 1647 mundi,
337 1587 371 1639 et·
389 1592 478 1643 snum
499 1575 615 1657 aliquid
637 1575 861 1656 requisivit,‚et
874 1576 1009 1634 invenire
1031 1577 1152 1636 minime

75 1656 209 1738 potuit?
233 1656 415 1738 -Sedquid¹
438 1659 574 1741 prodest,
592 1659 678 1740 quod
697 1659 806 1731 ‚eidem
827 1659 1014 1740 redemptori
1038 1673 1149 1721 nostro
1158 1671 1244 1731 ¹laten.
1259 1682 1279 1725 τ,
1292 1683 1325 1723 21.

73 1736 247 1822 perfidem
273 1742 450 1825 jungimur,
472 1745 498 1803 si
517 1743 557 1805 ab
579 1742 789 1813 camoribus.
808 1743 1035 1825 disiungantur?
1076 1744 1149 1825 Ipse
1336 1742 1337 1746 ’

76 1823 159 1881 enim
181 1823 279 1884 dieite
318 1825 393 1899 -llon
415 1829 522 1907 omnis,
544 1830 603 1908 qni.
616 1826 857 1902 dicit,·Dcmine,
881 1827 1029 1902 Domine,
1051 1830 1148 1889 intra-

71 1903 125 1965 bit
136 1907 313 2047 dinregnunr
335 1910 496 1981 qaelornm.
535 1902 632 1981 Recta
651 1926 724 1995 ergo
739 1930 843 1994 opera,
867 1923 968 1977 rectae
989 1909 1062 1976 fidei
1073 1908 1148 1995 jun·

94 2010 133 2048 en
158 2005 271 2052 asunt.
421 2036 425 2047 .
631 2032 708 2065 ,,.,,;,
957 2054 960 2063 ,

69 2010 91 2072 g
156 2086 185 2139 5·
227 2075 411 2139 JOANNES
433 2058 651 2156 Climacus,·,i‚n
664 2062 753 2151 ,Ia-'de
767 2077 866 2149 XXX.
877 2078 1036 2162 gradibus,
1050 2081 1149 2162 gradu

71 2157 224 2238 septimo:
267 2160 437 2244 Stephanus
460 2164 583 2244 quidam
603 2162 668 2237 hec
699 2165 733 2223 in
757 2162 828 2223 loco
853 2161 1021 2240 babitans,
1040 2164 1148 2225 solita-

72 2240 152 2325 riam
173 2254 202 2305 et
224 2247 356 2324 quietam
374 2249 463 2309 sitam
487 2248 687 2311 adamaverat.
704 2278 707 2283 ·
724 2248 789 2317 ,Hie
822 2267 890 2305 cum
925 2269 1020 2307 annos
1047 2247 1148 2327 pluri-

75 2342 143 2384 mos
161 2328 192 2385 in
222 2333 389 2399 monastico
404 2335 587 2402 certamino¹
600 2333 732 2411 egisset,
754 2330 936 2408 ieiuniisque
963 2332 1086 2389 maxime
1115 2343 1146 2388 et

75 2405 213 2484 lacrymis
236 2427 313 2475 esset
340 2429 485 2490 ornatus,
509 2415 637 2492 aliisque
659 2420 819 2490 praeterea
848 2412 995 2481 virtutum
1018 2412 1145 2493 privile-

74 2494 133 2574 giis
157 2494 311 2574 floreret,
334 2498 473 2571 cellulam
496 2494 694 2567 aad-radicem
719 2506 849 2573 montis,
884 2496 916 2553 in
941 2515 1006 2575 quo
1029 2516 1144 2555 sacram
1207 2532 1210 2537 -

70 2576 154 2649 illam
196 2580 390 2661 divinamque
408 2582 585 2653 ,visionem
600 2575 775 2659 speculatus
799 2576 870 2635 olim
884 2648 888 2657 .
903 2578 1004 2638 fueret
1017 2573 1020 2579 ¹
1032 2580 1142 2655 Helias,

69 2659 133 2739 sibi
158 2677 374 2723 construxerat.
416 2664 473 2723 Hic
496 2664 671 2744 igiturtam
694 2661 887 2733 ,venerandus
914 2662 1062 2739 moribus,
1095 2666 1144 2723 in·

70 2749 210 2806 tentione
229 2750 353 2826 majoris
375 2746 889 2827 laboriosiorisqpsegpoenitentiae,
913 2747 1070 2830 profectus
1097 2760 1142 2808 est

71 2830 115 2899 ad
139 2829 405 2900 ,Anachoretarum
421 2830 543 2907 locum,
564 2832 619 2895 ,oui
635 2826 862 2903 -fidssnomen
886 2845 962 2903 erat.
1006 2834 1078 2909 Quo
1108 2834 1141 2893 in

67 2912 146 2975 loen
173 2935 268 2992 quum
291 2914 383 2973 annos
411 2913 532 2996 aliquot
553 2900 720 2988 arctissimo
735 2916 822 2975 ritae'
836 2917 977 2995 instituto
1003 2918 1140 2999 peregis-

68 3009 129 3071 set,
147 3003 223 3066 (erat
243 2999 320 3057 enim
339 2997 390 3063 hie
419 2998 505 3059 locus
523 2999 566 3071 ab¹
581 3000 670 3075 omni,
684 2999 892 3069 consolatione
910 3001 1030 3060 mortali
1052 3002 1141 3082 peni·

67 3093 123 3149 tus
147 3093 292 3157 remotus,
313 3082 512 3165 omnibusque
532 3085 597 3149 fere
612 3082 787 3155 bominibus
810 3084 923 3147 inviusz
948 3086 1142 3166 septuaginta

60 3165 149 3224 enim
167 3162 230 3225 fere
248 3165 552 3250 millibuspassuum,
564 3168 713 3243 *mamni
729 3166 862 3239 humana
877 3166 1064 3229 habitatione
1076 3167 1140 3226 dis—

65 3252 195 3319 iunctus
214 3257 294 3326 erat)
327 3273 434 3317 rursus
458 3266 593 3325 extremo
609 3255 698 3327 ¹ritae
720 3263 863 3334 tempore·
879 3252 989 3329 rediit,
1016 3253 1139 3333 cupiens
1244 3271 1268 3301 ‘-

67 3338 110 3409 in,
132 3332 241 3395 cellula
266 3356 320 3396 sua
356 3339 462 3419 priore
488 3334 692 3409 enuntiabilis
712 3338 825 3411 grontis
852 3335 999 3397 babitare.
1043 3336 1140 3396 Erant
1206 3338 1209 3347 '
1239 3348 1262 3403 “,

63 3430 171 3483 antem
192 3417 235 3477 ibi
248 3420 313 3480 duo
334 3442 377 3481 ox*
388 3421 557 3482 Palaestina
575 3420 718 3504 discipuli
729 3421 901 3493 admodum
920 3421 1063 3503 religiosi,
1085 3423 1138 3501 qui

64 3505 160 3565 ctiam
178 3505 265 3584 prius
286 3502 489 3567 observabant
502 3505 754 3573 cellulamsenis.
783 3506 828 3580 ‚ln
848 3526 1002 3586 quaeum
1020 3524 1137 3585 pancos

64 3589 180 3670 egisset
209 3588 295 3663 dies,
330 3588 510 3673 languorem
532 3591 673 3666 incurrit,
699 3610 734 3649 ex
767 3611 830 3669 quo
860 3601 897 3667 et¹
923 3601 1061 3649 mortuus
1083 3599 1135 3648 est

63 3672 170 3755 Igitur
191 3686 261 3733 ante
281 3695 372 3733 unum
396 3676 492 3734 exitus
511 3675 558 3741 sni
579 3674 658 3751 diem
679 3684 803 3756 repente
832 3676 933 3735 animo
964 3670 1134 3754 obstupuit,
1176 3712 1179 3717 <
1252 3744 1256 3753 Ι

61 3767 243 3840 apertisque
261 3758 359 3829 oculis
379 3757 418 3817 ad
435 3758 587 3819 dexteram
601 3770 705 3839 atque„
716 3757 756 3817 ad
767 3759 920 3817 sinistram
938 3769 1054 3839 partem
1073 3755 1136 3815 lec·

63 3838 126 3903 tuli
149 3841 434 3925 circumspiciebat,
456 3853 486 3902 et
519 3841 606 3923 quasi
627 3848 773 3901 rationem
792 3843 916 3923 quidam
938 3862 956 3901 a
976 3862 1007 3900 se
1034 3840 1136 3922 exige-

62 3936 146 3998 rent,
168 3931 284 3987 eunetis
306 3929 361 4009 qui
382 3926 543 3999 adstabant
576 3924 789 4000 audientibus,
818 3924 947 4000 aiebat,¹
966 3924 1132 4006 aliquando
1145 3941 1179 3984 ts
1192 3938 1287 3980 asenna

63 4007 211 4087 quidem:
253 4012 300 4071 lta
319 4032 407 4085 saner
448 4010 622 4072 Sic-revera
650 4020 722 4086 cst,
741 4009 795 4075 sed
814 4030 872 4090 pro
893 4009 956 4069 hoe
980 4021 1028 4069 tot
1049 3991 1296 4093 annisffgtlffio.

60 4092 206 4153 ieiunavi.
249 4091 421 4176 Aliquando
442 4116 534 4168 vero:
577 4095 648 4169 Non
673 4105 766 4175 certe,
787 4093 841 4153 sed
867 4095 1053 4171 mentimini,
1074 4093 1134 4155 boc
1146 4087 1313 4180 {ffiffifflflj

60 4197 132 4249 nou
150 4176 220 4241 leci.
262 4179 381 4244 Deinde
408 4201 533 4255 rursus:
575 4181 623 4243 Ita
643 4199 717 4255 rere
734 4190 795 4251 est:
837 4178 908 4249 Hoc
925 4179 970 4251 ita,
986 4192 1049 4271 tat:
1080 4182 1288 4279 sedgqqgeros·
