2790 4792
305 334 875 421 constructurum
966 420 968 425 Ι
1057 320 1135 418 '202

67 523 320 610 adhuc'quidem
338 526 545 602 inhabitantis,
563 520 619 584 ted
639 518 759 585 tantum
782 524 938 604 moventis,
956 521 1136 607 ¹quo'poe-

68 618 172 675 nitens
196 615 319 676 adiutus
348 612 510 675 viam-sibi
542 610 582 670 ad
610 608 759 689 justit-iam
787 623 885 693 parat.
927 610 969 669 Et
1002 611 1138 690 qtramvis

73 701 149 758 sine·
178 698 372 761 sacramento
413 695 632 759 Poeuitentiae'
657 713 713 774 per
750 713 782 753 se
819 693 856 753 ad
872 734 875 743 ·
892 692 1140 774 justificationem

70 781 246 864 perducere
263 797 451 868 peccatorem
472 789 615 860 nequeat,
640 788 740 837 tamen
763 798 832 837 eum
866 779 905 836 nd
928 780 985 836 Dei
1010 772 1136 861 gratiani
1195 810 1202 819 ·

68 867 105 925 iu
136 867 329 930 Sacrameuto
363 865 573 930 Poenitentiae
606 861 826 942 impetrandam
857 862 1002 943 disponit.
1072 845 1316 942 110οῇ0333ἧῇζῇ

71 951 153 1008 enim
173 954 284 1013 timore
304 954 422 1014 utiliter
443 945 583 1008 concussi
604 945 770 1022 Ninivitae,
797 946 836 1006 ad
864 947 959 1005 lonae
981 944 1204 1028 praedica-¹¹³⁰·
1219 953 1290 994 Μ

72 1036 194 1112 tionem,
216 1037 334 1120 plenam
355 1031 777 1112 terroribus,p0enitentiam
798 1028 941 1114 egerunt,
963 1043 995 1090 et
1023 1030 1143 1088 miseri-

74 1119 206 1179 cordiam
235 1117 417 1182 alDomino
452 1119 664 1196 impetrarunt
714 1116 924 1190 Quamobrem
943 1114 1038 1174 'salso
1072 1117 1144 1193 qui·

74 1202 141 1261 dam
165 1203 390 1267 calumniantur
422 1199 588 1260 catholicos
619 1199 807 1280 scriptores,
844 1201 928 1280 quasi
961 1197 1146 1258 tradiderint

74 1285 299 1351 Sacramentum
317 1286 538 1358 Poenitentiae,
566 1280 680 1363 absque
699 1283 783 1343 bono
800 1297 885 1344 motu
907 1283 1145 1371 suscipientium,

75 1368 203 1455 gratiani
227 1375 396 1435 conferre:
419 1367 505 1453 quod
530 1364 686 1447 uunquam
706 1367 842 1429 Ecclesia
867 1369 925 1427 Dei
949 1366 1068 1441 docuit,
1084 1386 1146 1424 >nec

70 1458 183 1517 sensit:
205 1459 312 1519 sed-et
330 1454 409 1514 falso
442 1452 576 1526 docent,
612 1451 838 1518 Contritiouem
860 1472 925 1516 esse
948 1463 1095 1515 extortam
1117 1461 1148 1512 et

71 1553 221 1617 coactam,
243 1562 306 1600 non
323 1538 449 1597 liberam
472 1547 502 1597 et
526 1535 735 1595 voluntariam.
1181 1580 1183 1587 i
1279 1578 1284 1585 .

161 1639 191 1690 2.
236 1621 463 1684 CONClLIUM
492 1620 725 1683 Florentinum:
775 1618 824 1680 Ad
855 1619 957 1680 cordis
985 1619 1149 1679 contritio.
1158 1621 1334 1670 accennare:

71 1729 146 1769 nem
166 1709 310 1788 pertinet,
330 1719 366 1767 ut
386 1704 491 1766 doleat
504 1706 664 1787 poenitens
686 1705 725 1765 de
742 1716 871 1789 peccato
891 1704 1062 1782 commisso,
1080 1686 1296 1777 cumssilsl'die

74 1793 245 1876 proposito
266 1811 329 1850 nou
349 1788 497 1871 peccandi
518 1789 557 1849 de
579 1802 705 1849 caetero.

165 1888 196 1941 3.
237 1872 492 1935 AUGUSTINUS
512 1893 651 1934 sermone
668 1873 759 1932 tertio
781 1872 814 1931 in
828 1871 928 1932 Natali
939 1873 1075 1950 Domini,
1094 1874 1149 1956 qui
1238 1933 1241 1937 ,

78 1970 128 2018 est
147 1963 292 2042 septimus
314 1959 352 2021 de
378 1971 536 2039 tempore:
580 1958 799 2018 Poenitentiam
827 1970 940 2016 certam
969 1976 1034 2019 nou
1064 1956 1148 2036 facit,

76 2044 139 2104 nisi
161 2045 265 2103 odium
286 2043 403 2124 peccati
425 2053 455 2100 et
481 2062 568 2100 amor
594 2041 661 2100 Dei.
706 2035 907 2117 Quandosic
928 2045 1089 2124 poenites,
1113 2055 1149 2103 ut
1202 2086 1204 2091 ,

79 2127 139 2188 tibi
164 2146 296 2199 amarum
317 2128 412 2209 sapiat
432 2126 463 2184 in
485 2129 595 2203 animo,
617 2123 706 2207 quod
727 2138 798 2186 ante
824 2126 912 2186 dulce
933 2127 993 2188 fuit
1023 2133 1055 2188 in
1075 2119 1324 2202 vita,¹'⁸⁸¹¹¹”⁵⁰⁹⁶·

81 2223 113 2272 et
132 2210 219 2293 quod
243 2222 273 2271 te
295 2213 382 2293 prius
410 2209 586 2270 oblectabat
606 2213 637 2268 in
661 2228 813 2292 corpore,
846 2213 947 2292 ipsum
975 2223 1008 2270 te
1027 2215 1152 2270 cruciat

85 2298 118 2354 iu
140 2306 259 2356 mente:
289 2298 351 2377 jam
380 2306 455 2354 tunc
478 2296 567 2355 bene·
587 2295 760 2374 ingemiscis
789 2292 828 2350 ad
858 2295 974 2368 Deum,
997 2305 1028 2353 et
1059 2293 1151 2352 dieis:

86 2378 157 2439 Titii
178 2381 240 2441 soli
257 2381 397 2462 peccavi,
421 2390 453 2438 et
470 2381 583 2437 malum
605 2397 707 2435 coram
728 2388 759 2434 te
782 2375 851 2433 feci.
894 2375 992 2451 Bene,
1011 2376 1071 2434 tibi
1097 2376 1155 2435 soli

85 2467 224 2549 peccavi,
249 2467 320 2544 quia
346 2464 448 2523 nullus
480 2461 640 2521 hominum
671 2461 735 2517 sine
763 2470 910 2539 peccato:
944 2472 973 2518 et
1000 2459 1155 2537 ideovtibi

83 2549 141 2608 soli
163 2551 296 2630 peccavi,
318 2551 389 2628 quia
412 2545 514 2604 nullus
535 2544 665 2602 estsine
691 2545 827 2623 peccato.
868 2544 917 2601 Da
940 2544 1071 2604 Domine
1097 2546 1157 2604 mi-

84 2635 281 2693 sericordiam
301 2635 427 2704 misero,
447 2631 501 2708 qui
523 2641 584 2686 tam
607 2624 661 2684 diu
683 2627 848 2709 pepercisti
882 2629 1057 2689 criminoso.
1100 2630 1156 2691 In-

85 2716 180 2778 clinet
209 2718 247 2777 ad
268 2714 440 2782 remedium
458 2710 611 2770 humilitas
632 2712 837 2792 poenitentis,
859 2734 958 2794 quem·
977 2735 1156 2797 permovere

84 2822 151 2863 non
179 2802 283 2882 potuit
304 2799 489 2856 diuturnitas
519 2797 700 2878 peccatoris.
743 2797 803 2856 Dic
830 2797 873 2857 illi
898 2802 928 2858 in
974 2799 1048 2859 lietu
1083 2822 1156 2860 cor-

85 2876 155 2946 dis'z
198 2884 332 2963 Adspice
354 2880 391 2938 ad
417 2879 568 2940 infelicem
589 2882 684 2965 pietas
706 2883 867 2961 immensa,
896 2887 1013 2965 respice
1044 2885 1158 2945 crude-

83 2971 146 3034 lem
167 2964 374 3026 misericordia
393 2963 525 3045 publiea.
567 2966 753 3051 Desperatus
779 2968 818 3027 ad
842 2972 1082 3050 omnipotentem
1103 2989 1158 3029 ve-

85 3057 155 3125 nio,
176 3051 350 3109 vulneratus
372 3050 411 3108 ad
430 3049 580 3109 medicum
609 3071 721 3111 curro:
751 3047 835 3112 serva
856 3057 997 3134 pietatem
1019 3073 1160 3112 mansue-

86 3137 219 3210 tudinis,
243 3136 368 3216 quitum
391 3134 446 3193 diu
460 3128 786 3218 suspendistigladium
799 3137 943 3196 ultionis:
966 3135 1033 3196 dele
1052 3143 1164 3196 nume-¹

84 3223 247 3284 toritatem
276 3220 435 3278 criminum
465 3220 659 3280 multitudiue
687 3222 977 3280 misericordiarum.
1019 3216 1088 3282 lsta'
1105 3232 1159 3296 est,

85 3306 194 3381 filioli,
216 3325 287 3364 vera
299 3305 495 3387 poenitentia,
519 3302 643 3384 quando
666 3308 710 3366 sic
729 3309 917 3366 convertitur
939 3306 1017 3387 quis,
1040 3319 1160 3368 utnon

90 3400 278 3454 revertatur:
311 3389 434 3468 quando
458 3389 501 3447 sic
523 3390 678 3470 poenitet,
699 3402 735 3455 ut
755 3410 819 3449 non
837 3402 963 3472 repetat.
1007 3392 1048 3452 Et
1068 3391 1161 3473 paulo

89 3488 180 3563 post:
223 3475 372 3555 Aperiant
394 3493 482 3532 aures
504 3492 572 3533 suas
594 3474 633 3533 ad
653 3487 817 3556 praecepta
841 3475 971 3551 Christi,
995 3496 1073 3557 quae
1095 3469 1180 3534 lor?

89 3574 170 3622 tasse
199 3568 366 3642 patuerunt
394 3555 555 3637 hueusque
585 3558 624 3616 ad
652 3559 804 3619 audienda
828 3559 971 3621 ludibria.
1015 3561 1164 3642 Aperiunt

91 3644 200 3708 oculos
218 3663 290 3704 suos
312 3641 351 3701 ad
383 3655 526 3716 nitorem,
549 3643 602 3722 qui
623 3641 782 3724 hucusque
808 3645 847 3704 ad
881 3647 1075 3728 ignominiam
1108 3666 1166 3728 pa-

83 3740 231 3793 tuerunt.
275 3728 466 3810 Compungat
487 3728 674 3809 poenitentia
697 3730 872 3805 criminum,
894 3751 972 3809 quos
1004 3724 1165 3812 hucusque

93 3816 286 3894 transpunxit
316 3810 476 3871 delectatio
508 3810 709 3893 voluptatum.
752 3812 858 3896 Erigat
886 3814 1027 3893 adjuncta
1058 3817 1165 3891 virtus,

97 3919 188 3980 quem
210 3899 283 3955 vitia
296 3905 537 3978 prostraverunt.
580 3896 606 3954 A
630 3898 726 3956 eriant
738 3898 957 3959 medicamento
976 3904 1065 3961 nares
1086 3918 1165 3977 suas,

98 3981 214 4064 quibus
235 3980 293 4040 illis
315 3980 426 4040 foeteat
448 3917 640 4040 consuetudo
655 3982 783 4064 peccati.
1046 3996 1049 4001 '
1145 4006 1148 4013 ¹

182 4078 211 4134 4.
254 4063 358 4122 IDEM
384 4062 574 4148 Augustinus
600 4065 631 4123 in
659 4065 740 4124 libro
763 4065 801 4125 de
829 4063 1038 4130 Paenitentiae
1052 4069 1163 4130 ‘medi-
1194 4083 1343 4143 coaptetur

98 4151 176 4226 cino,
199 4171 265 4231 cap.
293 4160 324 4214 ὅ.
362 4151 476 4210 sivein
509 4149 590 4233 libro
621 4151 839 4234 quinquaginta
863 4151 1079 4232 homiliarum,
1102 4139 1342 4227 ho-lilisslullmi

96 4235 183 4301 mitia
204 4246 254 4305 50.
275 4252 342 4318 cap.
366 4245 415 4301 302
456 4232 648 4322 Omnia-qui
671 4235 879 4320 ,jam-urbita
899 4237 1222 4306 seleuciensem·
