2790 4792
242 331 321 405 XII
637 333 885 401 Paa'rs'arro

240 504 369 631 cinnes
405 532 518 626 atque
550 529 764 601 catecheses
803 524 1033 612 affecissent,
1083 526 1115 600 si
1139 525 1230 599 ritus
1257 543 1296 600 et

240 634 381 728 rituum¹
398 667 557 724 mentem
580 650 619 722 in
642 651 718 724 illis
756 649 1040 750 exposuerimus.

307 900 396 971 Ue
421 911 568 970 caetero
594 895 1031 997 institutionem'operis,
1059 920 1154 996 quae
1180 894 1220 966 in
1237 910 1297 967 to·

240 1048 301 1096 mo
325 1022 447 1122 primo
475 1018 669 1093 observata
695 1005 762 1111 est,
790 1019 945 1093 eandem
969 1037 1008 1095 et
1027 1020 1071 1093 'in
1094 1022 1168 1092 hoc
1192 1037 1296 1090 tomo

239 1140 405 1219 secundo
441 1145 671 1219 conservarit
703 1130 940 1232 B'usaeus,
975 1142 1125 1242 acujus
1150 1139 1296 1211 ratione

239 1283 273 1340 e'·
304 1292 339 1366 g.
380 1264 517 1339 citandi
551 1246 620 1339 et'css
655 1293 726 1340 nec
744 1291 831 1371 nos
856 1259 1103 1338 discessimus.
1152 1265 1200 1334 Et
1223 1262 1295 1334 bac

173 1420 175 1424 ⁴
237 1390 317 1466 vice
342 1385 595 1461 tantummodo
631 1368 731 1462 illius
757 1370 990 1463 celeberrimi
1013 1387 1083 1460 riri
1108 1382 1294 1482 exemplar

235 1526 408 1588 nostrae:
425 1510 536 1583 aetati
569 1536 611 1585 ac
646 1513 807 1613 posteris
843 1511 1001 1585 reddere
1031 1534 1075 1583 ac
1099 1508 1294 1580 restituere

237 1635 361 1708 eonati
386 1646 519 1707 sumus.
570 1636 649 1709 Huc
672 1635 719 1708 de
745 1661 857 1710 causa
879 1660 956 1708 non
982 1626 1304 1732 quorundam'ro--

236 1763 267 1828 ti
299 1755 480 1826 rationem
517 1734 738 1849 habuimus,
771 1773 813 1829 ut
852 1783 897 1829 ex
920 1753 1189 1829 recentioribus
1215 1750 1305 1833 edi-2

234 1875 399 1958 tionibus
432 1875 539 1950 locos
580 1877 647 1953 88.
673 1880 822 1950 Petrum
860 1877 988 1951 citare
1002 1876 1224 1958 debeamus,
1249 1875 1290 1944 in

187 2021 190 2026 ·
235 2000 370 2098 quibus
388 2005 492 2071 nora
516 1982 732 2073 ars·'·c'ritica
759 2025 874 2100 opera
899 2000 1079 2098 majorum
1105 2025 1182 2072 non
1209 1998 1288 2070 sine

233 2102 522 2220 magnodabore
547 2121 657 2197 nobis
682 2123 913 2222 regeneravit
937 2123 1194 2216 etrenoravit3
1222 2121 1289 2194 sed

233 2243 282 2318 ad
306 2268 399 2344 opus
438 2260 626 2330 nostrum,
665 2246 771 2346 plura
796 2246 911 2318 millia
936 2245 1104 2318 locorum
1136 2245 1201 2317 88.
1219 2250 1291 2317 Pa·

230 2385 347 2457 trum,
376 2358 634 2443 conciliorum
677 2393 723 2442 ae
750 2369 1028 2467 'theologorum
1065 2368 1286 2453 continens,

233 2468 421 2564 edendum
441 2492 537 2564 hanc
561 2489 743 2565 rationem
777 2491 824 2566 ab
855 2482 1040 2590 aliquibus
1064 2491 1289 2590 postulatam

232 2612 410 2686 adbibere
442 2637 520 2684 non
555 2613 681 2688 valens
717 2615 849 2691 fuisset
873 2614 1054 2687 industria
1076 2616 1185 2698 unius
1212 2608 1288 2687 edi·

231 2722 322 2810 toris
333 2744 359 2830 3‘
374 2732 530 2823 deinde,
555 2744 627 2808 nc'o
650 2759 798 2808 omnem
821 2736 1039 2810 recentioris
1065 2739 1195 2822 aetatis
1221 2739 1288 2810 cri·

230 2858 342 2931 ticam
363 2845 541 2931 habemus
569 2883 718 2944 veram,
744 2858 805 2931 cui
830 2859 980 2957 quidam
1006 2861 1086 2932 sine
1110 2861 1283 2935 ullacon·

230 2979 370 3052 ditione
398 2978 620 3053 assentiunt.-
657 2985 795 3067 Porro,
834 2978 938 3053 nulla
961 2983 1176 3057 citationum
1200 3009 1285 3057 nos·
1313 3015 1316 3023 ¹

138 3102 141 3110 ’
228 3112 367 3176 maram
400 3110 651 3202 argumentum
685 3103 879 3196 debilitat,
911 3128 983 3179 nec
1019 3132 1087 3181 eae
1122 3108 1285 3206 quidem,

228 3216 336 3325 quas
358 3205 546 3324 aliquibus
581 3230 757 3300 accusare
791 3226 883 3300 libet
888 3256 902 3324 3
936 3255 973 3303 e.
999 3256 1032 3328 g.
1066 3231 1099 3304 si
1124 3246 1285 3304 canones

229 3364 292 3421 aut
317 3348 606 3424 'constitutiones
644 3350 905 3450 Apostolorum
949 3353 1017 3426 sub
1061 3350 1209 3421 nomine
1240 3349 1280 3421 8.

228 3462 428 3544 Clementis
465 3473 643 3564 Romani,
679 3486 754 3547 ³a'ut
788 3476 969 3573 quosdam
993 3494 1180 3545 sermones
1213 3471 1282 3546 sub

227 3572 384 3665 nomine·
410 3591 449 3664 8.
473 3596 692 3692 Augustini,
730 3597 800 3671 etsi
835 3597 992 3678 fortusse
1009 3593 1098 3667 ¹aliis
1124 3596 1284 3689 auctori·

226 3704 297 3789 bus
320 3713 603 3802 adscribuntur,
629 3720 792 3794 citemus.
844 3716 943 3818 Quid
965 3715 1106 3791 refert?
1137 3728 1281 3817 parum.
1336 3782 1343 3791 .

226 3822 303 3909 Nil
324 3836 536 3912 detrimenti
566 3839 673 3915 affert
708 3845 804 3918 baec
835 3840 933 3912 ratio
956 3841 1141 3915 Busaei.
1192 3842 1283 3921 Illae

227 3982 391 4033 canones
418 3964 774 4064 constitutionesque
793 3961 1041 4061 -apostolicae
1073 3964 1127 4038 sic
1149 3963 1280 4048 dictae,

227 4082 297 4157 etsi
310 4108 385 4157 non
396 4085 541 4176 (saltem
554 4087 1281 4188 non'omnes)suntApostolorum,tamen
