2790 4792
331 318 867 391 soc-flautsrrau.
1053 329 1128 399 161

65 505 188 584 iratres,
213 505 288 588 quid
301 527 359 568 uos
386 505 494 588 jubeat
519 504 658 578 adorare,
702 505 773 569 Alio
801 506 868 571 loco
884 507 1053 588 ,scriptura
1080 502 1132 565 di·
1209 533 1211 543 ·

66 594 123 653 cit:
166 590 289 652 Caelum
303 591 379 651 mibi
406 591 491 652 sedes
515 603 570 667 est,
590 601 676 651 terra
705 605 804 652 autem
826 592 992 653 scabellum
1013 590 1127 674 pedum
1139 601 1288 652 rouecest-

64 695 213 737 meorum.
256 674 339 760 Ergo
360 687 472 736 terram
489 670 544 734 nos
569 675 660 755 jubet
687 677 830 753 adorare,
857 679 929 759 quia
960 676 1037 734 dixit
1065 673 1126 735 alio

63 759 146 836 loco,
176 759 261 840 quod
283 762 322 819 sit
337 759 502 820 scabellum
520 760 633 841 pedum
653 759 735 818 Dei?
777 759 819 819 Et
839 760 996 842 quomodo
1011 760 1127 819 adora-
1201 784 1204 788 ·

34 913 38 918 .
62 843 165 904 bimus
185 855 306 920 terram,
332 864 400 903 cum
425 843 508 903 dicat
530 855 634 924 aperte
654 845 821 924 scriptura,
831 843 997 921 Dominum
1025 845 1126 905 Deum

63 939 152 987 tuum
176 926 343 997 adorabis3
378 926 482 989 ethic
518 927 613 996 dicit:
656 925 794 991 Adorate
822 927 1126 1009 scabellumpedum
1135 920 1249 986 lesum.
1266 943 1301 985 tc.

14 1008 17 1017 ’
61 1009 154 1092 ejus?
184 1010 343 1093 Expoueus
361 1024 464 1081 autem
476 1009 560 1086 mihi,
579 1011 655 1093 quid
674 1013 713 1072 sit
729 1009 893 1072 scabellum
912 1011 1026 1095 pedum
1046 1014 1124 1092 ejus,
1136 991 1239 1037 ΝΜ
1254 993 1289 1037 ¹⁸⁰

61 1095 146 1154 dicit.
187 1094 280 1155 Terra
294 1097 399 1155 'autem
413 1094 582 1157 scabellum
597 1095 712 1177 pedum
728 1115 875 1154 meorum.
917 1095 1036 1178 Auceps
1059 1096 1127 1155 fac·

60 1190 107 1238 tus
134 1199 210 1261 sum,
233 1181 326 1240 tImeo
349 1179 478 1243 adorare
501 1191 634 1254 terram,
667 1201 706 1240 ne
739 1179 862 1238 damnet
880 1200 936 1253 me,
966 1181 1020 1260 qui
1053 1179 1127 1241 lecit

59 1262 174 1322 caelum
199 1272 229 1324 et
259 1276 384 1324 terram.
422 1265 568 1324 ·Rursum
590 1265 683 1323 timeo
708 1284 772 1323 non
805 1263 933 1322 adorare
962 1261 1127 1323 scabellum

80 1345 171 1408 edum
192 1348 317 1405 Domini
340 1347 409 1421 mei,
431 1353 503 1426 quia
521 1347 653 1430 spalmus
674 1347 749 1406 mihi
768 1347 862 1406 dicit:
905 1345 1038 1405 Adorate
1059 1365 1128 1405 sca·
1166 1420 1169 1424 ι

58 1367 175 1490 bellum
186 1430 302 1512 pedum
319 1430 395 1508 ejus.
438 1430 569 1507 Quaero,
587 1431 663 1512 quid
682 1433 720 1491 sit
734 1429 903 1490 scabellum
915 1429 1028 1510 pedum
1050 1431 1127 1509 ejus,

58 1525 88 1574 et
108 1514 188 1573 dicit
207 1511 285 1570 mihi
308 1514 482 1592 scriptura:
523 1514 620 1572 Terra
643 1514 805 1575 scabellum
829 1513 946 1596 pedum
979 1533 1127 1572 meorum.

58 1596 232 1657 Fluctuans
257 1606 402 1652 converto
425 1614 472 1652 me
492 1594 530 1653 ad
553 1596 776 1669 CHRISTUM,
798 1599 875 1679 quia.
890 1598 990 1678 ipsum
1014 1618 1126 1679 quaero
1181 1609 1300 1680 Quomodo

57 1678 123 1751 bic,
147 1690 179 1737 et
203 1678 324 1734 invenio
347 1676 501 1757 quomodo
523 1678 585 1736 sine
604 1679 754 1759 impietate
779 1683 926 1743 adoretur
950 1694 1040 1755 terra,
1063 1671 1301 1762 sineflflflffff·
1364 1710 1367 1719 =

60 1762 220 1843 impietate
237 1759 383 1819 adoretur
394 1759 559 1819 scabellum
575 1760 687 1844 pedum
710 1765 784 1844 ejus.
827 1765 968 1847 Suscepit
987 1768 1064 1826 enim
1087 1766 1124 1825 de
1136 1771 1190 1813 dum
1203 1733 1253 1810 ⁰⁰3·

58 1857 147 1905 terra
167 1855 295 1918 terram,
326 1845 396 1926 quia
417 1864 490 1904 caro
512 1845 648 1905 deterre
677 1859 740 1922 est,
769 1859 799 1907 et
829 1848 866 1908 de
897 1870 988 1922 carne
1009 1851 1143 1909 Mariae-

58 1949 184 1989 carnem
200 1928 340 2008 accepit.
383 1927 577 2009 EthuIain
608 1931 673 2013 ipsa
695 1931 785 1992 carne
816 1929 866 1991 hic
891 1933 1070 2007 ambulavit,
1093 1946 1124 1993 et
1148 1944 1299 2006 reuocan-

56 2014 155 2094 ipsam
171 2032 290 2071 carnem
313 2011 400 2072 nobis
423 2012 660 2080 manducandam
692 2014 876 2076 adsalutem
899 2018 998 2077 dedit:
1032 2039 1120 2078 nemo
1135 2004 1269 2089 iiliiiiiif

58 2108 157 2156 autem
186 2095 268 2154 illam
289 2117 408 2155 caruem
429 2096 603 2175 manducat,
626 2100 684 2159 nisi
703 2102 789 2181 prius
812 2101 994 2177 adoraverit,
1017 2093 1278 2183 insen*2¹³,25m12‘fft

55 2189 123 2239 tum
146 2191 199 2254 est,
219 2180 479 2260 ¹quemadmodum
497 2182 646 2261 adoretur
664 2182 722 2242 tale
734 2185 901 2243 scabellum
923 2184 1034 2264 pedum
1053 2187 1123 2242 Do·
1181 2199 1184 2203 ’

57 2264 151 2338 mini,
176 2274 206 2322 et
227 2285 287 2324 non
308 2264 405 2324 solum
425 2286 486 2326 nou
508 2286 667 2348 peccemus
691 2267 868 2340 adorando,
891 2267 944 2324 sed
965 2287 1124 2347 peccemus

56 2368 121 2406 nou
143 2346 305 2408 adorando.
344 2349 512 2428 ¹Numquid
542 2360 644 2407 autem
666 2368 737 2406 caro
764 2347 918 2405 vivificat?
961 2350 1031 2430 Ipse
1057 2347 1298 2434 Do·noq¹'⁰ffd⁰g{²a}⁸

56 2433 156 2490 miuus
176 2431 260 2508 dixit,
284 2454 352 2492 cum
375 2432 413 2491 de
443 2434 508 2513 ipsa
527 2429 788 2489 commendatione
802 2429 938 2508 ejusdem
962 2442 1061 2490 terrae
1077 2430 1175 2489 lo-do.
1288 2416 1298 2428 ⁸

57 2525 220 2596 queretur:
264 2516 396 2599 Spiritus
411 2527 466 2588 est,
493 2515 548 2594 qui
571 2509 713 2590 vivificat,
737 2519 928 2571 caro'autem
950 2513 1027 2572 nihil
1049 2535 1127 2596 pro-

58 2598 133 2657 dest.
175 2600 249 2660 Ideo
272 2613 301 2660 et
331 2600 381 2661 ad,
396 2612 509 2658 terram
523 2595 689 2678 quamlibet
718 2615 786 2654 cum
812 2607 842 2655 te
873 2597 997 2656 inclinas
1033 2603 1275 2679 atqueromms·

57 2685 237 2765 prosternis,
258 2705 321 2744 non
346 2685 433 2764 quasi
466 2694 577 2742 terram
603 2682 758 2754 intuearis,
788 2677 946 2740 sed'illum
977 2695 1122 2758 sanctum,
1146 2717 1149 2722 ·

54 2768 141 2826 cuius
165 2767 279 2847 pedum
312 2765 476 2836 scabellum
504 2777 565 2841 est,
589 2764 674 2846 quod
696 2764 830 2825 adoras:
861 2777 989 2848 propter
1025 2769 1123 2849 ipsum
1167 2817 1169 2821 v

10 2896 14 2911 .
54 2851 133 2910 euim
156 2850 287 2908 adoras:
322 2850 392 2910 ideo
417 2863 447 2910 et
471 2849 522 2910 hic
549 2848 697 2927 subiecit,
719 2848 856 2910 Adorate
877 2850 1041 2911 scabellum
1066 2873 1123 2934 pe-

53 2933 129 2994 dum
156 2933 235 3010 ejus,
251 2934 393 3010 quonlam
412 2949 548 2994 sanctum
573 2946 628 2996 est.
917 2973 922 2983 =

144 3026 174 3078 2.
218 3012 445 3074 AMBROSIUS
473 3019 587 3089 L.'III.
610 3019 648 3077 de
665 3018 770 3100 Spirit.
782 3037 805 3076 s.
821 3038 847 3075 c.
863 3030 925 3083 ηε
968 3017 1037 3076 Non
1059 3039 1124 3075 me-

56 3099 174 3160 diocris
192 3096 288 3178 igitur
310 3099 456 3176 quaestio,
472 3114 501 3160 et
515 3105 585 3162 ideo
606 3102 779 3186 diligentius
797 3102 1030 3175 consideremus,
1048 3099 1123 3180 quid
1133 3115 1217 3157 cauae
1229 3125 1262 3166 se,
1273 3128 1294 3164 1.

54 3187 95 3250 sit
113 3180 288 3241 scabellum.
332 3180 470 3261 Legimus
500 3189 576 3245 enim
601 3186 695 3246 alibi:
741 3186 863 3245 Caelum
887 3184 960 3243 miti
981 3183 1121 3259 thronus,

54 3281 139 3328 terra
159 3276 259 3325 autem
274 3263 438 3323 scabellum
460 3267 569 3343 pedum
590 3291 735 3329 meorum.
779 3270 839 3328 Sed
862 3291 917 3328 nec
943 3280 1028 3327 terra·
1044 3268 1122 3326 ado-

56 3351 156 3413 randa
176 3348 277 3424 nobis,
299 3350 372 3430 quia
394 3360 531 3408 creatura
552 3364 595 3411 est
626 3355 709 3413 DEI.
758 3352 923 3417 Videamus
940 3365 1049 3427 tamen,
1083 3373 1122 3410 ne

54 3446 168 3495 terram
197 3432 277 3492 illam
307 3434 391 3492 dicat
420 3431 603 3494 adorandam
632 3437 807 3519 Propheta,
848 3460 939 3520 quam
970 3439 1120 3496 Dominus

55 3517 174 3579 JESUS
196 3519 228 3577 in
252 3520 349 3578 caruis
373 3518 577 3598 assumptione
598 3524 737 3604 suscepit.
790 3523 899 3603 Itaque
917 3543 974 3604 per
1001 3520 1121 3580 scabel-

54 3601 117 3661 lum
145 3613 226 3661 terra
255 3603 461 3684 intelligatur,
498 3621 554 3682 per
585 3614 693 3663 terram
722 3617 821 3663 autem
850 3629 922 3666 caro
947 3606 1117 3680 CHRISTI,
1131 3617 1291 3679 ceraemonii-

56 3707 147 3766 quum
167 3685 261 3744 hodie
286 3707 412 3766 quoque
433 3687 464 3747 in
491 3689 639 3758 mysteriis
658 3688 827 3762 adoramus,
846 3703 875 3758 et
901 3712 992 3771 quam
1014 3673 1293 3772 Apes-lll,¹¹li¹ll3{⁶⁴

54 3770 159 3843 toliin
177 3770 309 3828 Domino
328 3771 424 3828 JESU
446 3773 601 3849 (utsupra
627 3770 769 3839 diximus)
794 3773 970 3836 adorarunt.
1013 3775 1119 3854 Neque
1129 3778 1188 3819 ω·

54 3846 136 3912 enini
154 3853 268 3911 divisus
290 3854 504 3930 CHRISTUS,
533 3854 708 3929 sedunus.
752 3852 858 3932 Neque
886 3877 955 3914 cum
974 3857 1121 3916 adorare-

54 3947 106 3997 tur
122 3949 268 4018 tauquam
283 3938 342 3996 Dei
359 3935 450 4014 filius,
473 3950 563 3998 natus
588 3957 621 3999 ex
647 3938 745 3997 Maria
764 3936 944 4020 negabatur.

134 4033 165 4086 3.
209 4021 436 4082 censimum
457 4024 542 4082 rua.
564 4043 634 4083 sess.
664 4034 711 4088 15.
747 4042 812 4102 cap.
839 4036 886 4088 s:
928 4021 1036 4083 Nullus
1061 4026 1219 4112 ita-,m
1243 4075 1292 4113 w,

54 4122 115 4182 uve
136 4103 298 4166 dubitandi
327 4104 411 4165 locus
432 4106 629 4190 relinquitur,
653 4108 729 4188 qun
743 4127 844 4168 omnes
860 4105 1021 4170 cuarsm
1040 4107 1171 4168 fiae-n.
1184 4121 1237 4160 ssa
1252 4122 1292 4162 a,

52 4183 99 4248 les
117 4207 176 4271 pro
199 4210 287 4252 more
309 4190 342 4251 iu
366 4189 525 4254 Catholica
550 4189 686 4289 Ecclesia
721 4211 839 4277 semper
868 4205 991 4280 recepto
1016 4169 1292 4260 lau-iaessssifffffm'
