2790 4792
301 335 936 408 ,Potentes-nsuls-
1051 350 1134 420 82³

54 534 184 615 quisque
217 527 405 612 purgationis
434 519 605 598 obtinebit,
635 523 695 582 nisl
728 519 914 586 bonis.boe
946 525 1068 588 acubus
1094 530 1128 588 io

55 616 115 678 hac
139 614 242 675 adhue
265 616 326 673 vita
343 613 482 696 positus,
516 619 553 667 ut
572 605 636 666 illio
659 605 816 681 obtineat,
830 623 1066 689 promerentur·
1217 607 1221 615 ⁴

144 712 193 765 12.
235 695 344 757 BEDA
366 695 540 755 intertium
561 700 655 773 caput
681 689 782 750 Lucae
803 692 835 749 in
856 712 891 751 en
910 695 1021 756 verba:
1053 696 1124 779 Ipse

55 802 116 843 ros
137 781 308 865 baptizabit
326 783 358 839 in
378 781 490 863 spiritu
511 786 616 837 sancto
638 785 667 833 et
687 773 760 857 igni.
802 772 903 850 Sunt,
932 781 987 859 qui
1007 780 1049 840 ita
1070 800 1123 840 εχ..
1197 835 1199 842 ,

59 878 201 949 ponunt,
244 867 296 947 qui
323 860 527 946 inpraesenti
549 860 580 918 in
601 879 616 919 s
640 859 731 934 tritu,
753 866 785 933 et
803 857 835 917 in
856 857 964 922 lutrtro
987 860 1124 946 baptize-

57 970 130 1011 mur
149 952 179 1015 in
199 950 275 1032 igni:
297 948 337 1009 Ut
371 947 513 1007 videlicet
541 944 621 1001 sicut
645 963 728 1023 nnnc
743 943 775 1001 in
791 942 968 1013 remissione
987 949 1123 1006 omnium
1135 947 1277 1038 ‚rumpant

55 1047 271 1118 peccatorum,
284 1028 425 1112 eanna
444 1041 474 1090 et
493 1029 604 1109 spiritu
630 1026 839 1105 renascimur,
873 1028 914 1087 its
940 1039 970 1088 et
985 1040 1061 1088 tuno
1085 1031 1123 1092 de
1134 1008 1196 1087 ΞΤ
1227 1003 1298 1050 ῬΜ

55 1118 175 1178 levibus
200 1114 383 1199 quibusdam
400 1113 540 1196 peccatis,
559 1128 643 1190 'quae
663 1109 736 1170 hino
752 1110 844 1171 nobis
855 1110 999 1173 euntibus
1011 1112 1125 1174 adbae-
1276 1182 1279 1191 Ι

54 1203 171 1278 serint,
199 1198 372 1283 ¹nugatorii
404 1197 484 1279 ignis
503 1205 573 1254 ente
600 1192 743 1253 ultimum
764 1193 917 1276 judicium
945 1195 1127 1279 baptismate
1182 1255 1185 1261 ,
1225 1234 1229 1247 .

52 1223 311 1370 permundemur,
352 1281 472 1341 dicente
493 1276 660 1362 Apostolos
688 1277 721 1338 si
736 1280 807 1359 quis
827 1279 1129 1362 superaedificaverit
1139 1284 1162 1327 ¹·
1176 1278 1296 1329 ⁰⁰¹·32⁸2·

54 1391 149 1452 super
166 1368 227 1429 hoc
243 1366 490 1439 ibndnmentum,
523 1382 645 1440 eurum,
670 1366 849 1445 argentum,
873 1363 988 1446 lapides
1007 1368 1128 1449 pretio·

54 1473 125 1526 sos,
158 1453 240 1534 ligna
247 1466 272 1529 ,²·
292 1451 434 1526 foenum,
470 1445 639 1528 stipulatu:—
656 1447 1015 1530 uniuscujusqueopus3
1038 1449 1127 1530 quole

55 1538 126 1613 sit,
139 1538 215 1618 ignis
238 1532 396 1616 probabit.
452 1531 484 1589 si
503 1532 595 1611 eujus
615 1550 698 1613 opus
715 1533 878 1609 manserit,
908 1533 1001 1613 quod'
1016 1532 1127 1619 super·
1183 1540 1188 1551 '

52 1617 253 1694 aedificavit,
288 1615 457 1675 mercedem
475 1616 613 1696 accipiet.
654 1612 687 1672 Si
706 1616 796 1695 cujus
818 1634 897 1701 opus
920 1617 1044 1693 mserit,
1071 1616 1128 1679 de·

53 1705 238 1763 trimentum
273 1700 416 1782 patietur.
463 1701 534 1782 Ipse
564 1710 675 1759 autem=
695 1699 795 1758 solvus
824 1701 905 1776 erit,
930 1702 992 1760 sic
1027 1711 1128 1761 tomen

53 1785 151 1866 quasi
179 1785 367 1867 perignem.
402 1783 515 1858 ¹Quod
544 1783 680 1864 quamvis
707 1793 738 1843 et
770 1783 808 1842 de
829 1776 1300 1866 igne-tribulationisnxerigeeto.

58 1871 93 1928 in
126 1866 185 1926 bno
218 1867 308 1928 nobis
334 1869 394 1927 rita
420 1867 559 1928 ndbibito
586 1867 686 1949 possit
707 1865 856 1951 intelligi,
894 1878 992 1928 temen
1013 1870 1039 1928 si
1060 1872 1129 1951 quis

54 1951 123 2013 boe
140 1951 179 2010 de
207 1951 425 2035 ignejsutnrne
451 1950 648 2034 purgationis·-
663 1951 814 2033 occipiat,
838 1952 1028 2034 pensandum
1050 1953 1129 2013 soli·
1173 1968 1178 1995 ¹

53 2036 121 2096 cite
144 2045 210 2111 est,
239 2037 311 2115 quia
327 2033 411 2093 illum
430 2032 519 2109 dixit,
533 2053 624 2117 posse
641 2053 699 2116 per
721 2036 820 2118 ignem
835 2034 955 2113 salvari,
988 2056 1054 2096 non
1073 2024 1135 2119 qui¹

54 2139 96 2180 su
123 2117 153 2176 'r
173 2116 402 2178 fimdamentnm
426 2116 559 2193 Christi,
582 2117 707 2195 fertum,
730 2138 800 2195 ees,
824 2119 873 2180 vel
886 2120 1057 2202 plumbum
1075 2141 1129 2182 ae·
1182 2176 1204 2187 ,.

56 2138 182 2277 ὀὶἔέιῐ,
204 2201 238 2260 id
261 2214 323 2279 est,
343 2212 468 2284 peccata
488 2203 605 2283 majore
620 2212 655 2261 et
674 2202 819 2277 duriora,
855 2216 947 2283 atque
971 2216 1047 2264 tuno
1067 2205 1131 2285 jam

59 2284 257 2363 insolubilia,
285 2284 338 2346 sed
361 2285 496 2368 lignum,
525 2287 652 2347 foenum
661 2302 674 2360 ¹,
703 2285 868 2368 stipulam,
883 2286 927 2344 id·
943 2297 1003 2362 est,
1019 2306 1131 2367 pecen-

64 2381 97 2429 tn
112 2363 339 2451 minimo'ntqne
357 2368 516 2443 levissima,
539 2388 631 2449 quse·
645 2369 723 2448 ignis
747 2366 840 2427 facile
851 2380 1019 2429 consumat.
1061 2370 1131 2429 Hoc

61 2464 162 2514 tamen
200 2453 358 2514 sciendum
391 2467 464 2530 est,
492 2451 580 2531 quod
610 2449 673 2508 illie
704 2448 810 2510 saltem
838 2448 878 2509 de
904 2454 1032 2511 minimis
1054 2448 1132 2512 nibil

61 2537 192 2618 quisque
227 2537 418 2621 purgationis
453 2533 629 2612 obtinebit,
663 2533 721 2590 nisi
753 2532 844 2593 bonis
869 2533 936 2594 -boc
960 2535 1079 2595 actibus
1100 2538 1132 2595 in

59 2621 123 2685 bae
140 2619 243 2682 adbuc
260 2624 322 2683 vito
335 2620 480 2702 positus,
512 2628 550 2675 ut
578 2615 641 2675 illic
660 2614 818 2694 obtineat,
846 2631 1069 2701 promerentur.

51 2714 65 2739 ·’
151 2718 181 2772 1.
203 2705 237 2763 C.
280 2699 538 2763 AUGUSTINUS
562 2698 619 2764 lib.
641 2711 691 2767 21·
712 2701 752 2762 de
779 2703 900 2764 civitate
926 2705 985 2765 Dei
1020 2725 1046 2766 o.
1063 2717 1132 2772 bb:

62 2789 144 2851 Nam
164 2809 222 2871 pro
242 2785 396 2845 defunctis
429 2784 632 2867 quibusdam,
655 2784 703 2845 vel
733 2798 767 2846 ut
785 2785 900 2847 dicitur
917 2808 976 2871 pro
995 2792 1132 2867 niortuis,
1155 2785 1292 2846 Quonda-

58 2866 318 2944 vel-IEcclesiae,
350 2867 399 2928 vel
429 2867 625 2950 quorundam
651 2870 775 2952 piorum
800 2874 937 2933 exaudiri
965 2838 1303 2936 orationemlill‘llaiil'

61 2958 162 3038 ejus,
199 2953 272 3012 licet
300 2953 355 3033 qui
376 2953 409 3010 in
430 2952 555 3014 Christo
589 2956 686 3013 renati
701 2974 774 3016 vnon
795 2955 872 3017 ndeo
887 2959 930 3017 ita
952 2958 1030 3018 male
1050 2936 1290 3039 vige-lisl‘m·

63 3043 132 3102 rint
151 3039 351 3118 incorpore,
381 3047 418 3096 ut
438 3038 493 3098 tuli
518 3037 726 3098 misericordia
736 3039 908 3101 habeantur
919 3040 1036 3126 indigni
1049 3058 1065 3101 ιὲ
1078 3063 1134 3103 nec

63 3123 162 3184 iidem
178 3125 231 3179 sic·
244 3120 322 3180 bene
335 3158 348 3196 ,-
368 3132 403 3180 ut
428 3123 621 3183 invenientur
639 3122 693 3183 uli
716 3123 928 3184 misericordia
948 3146 1011 3186 non
1037 3126 1247 3214 egerosl‘l‘tlm
1269 3134 1308 3176 Ρ·-

62 3205 157 3268 Tales
181 3207 272 3264 etism
297 3215 413 3264 constet
433 3217 503 3266 ante
516 3206 626 3287 judicii
646 3206 726 3266 diem
745 3228 801 3290 per
818 3228 931 3291 poenas
941 3211 1134 3293 temporales,
1144 3184 1195 3267 lli
1206 3184 1297 3277 llnlssll

68 3309 148 3374 quas
169 3310 277 3348 eorum
299 3292 425 3371 spiritus
451 3291 630 3374 patiuntur,
644 3314 648 3319 ·
661 3302 832 3374 purgttos,
860 3286 930 3353 rece
953 3294 992 3353 tis
1020 3275 1216 3379 corpo-'⁸¹⁰⁸'
1263 3361 1266 3367 ,

68 3373 184 3450 ribus,
211 3375 326 3433 aeterni
350 3375 428 3456 ignis
452 3373 611 3458 suppliciis
628 3394 690 3434 non
705 3374 879 3436 tendendos.
921 3314 1058 3439 ibidem:
1080 3381 1137 3463 Ip-

48 3462 132 3520 eius
165 3478 282 3540 qurppe
312 3457 489 3535 Ecclesiae,
521 3457 570 3517 vel
599 3459 792 3539 quorundam
822 3462 946 3530 nicrum
978 3461 1139 3523 exauditur

68 3544 197 3618 oratio,
237 3541 291 3601 sed
318 3562 380 3625 pro
407 3541 472 3618 his,
505 3544 655 3624 qnorum·
675 3544 706 3601 in
737 3542 860 3607 Christo
893 3550 1141 3629 regeneratorum
1208 3562 1212 3572 ’

71 3645 133 3691 neo
153 3626 250 3706 usque
272 3624 350 3685 adeo
364 3627 427 3686 vita
451 3628 482 3685 in
500 3642 635 3708 corpore
655 3624 734 3687 male
755 3640 839 3710 geste
856 3641 923 3702 est,
949 3642 984 3690 ut
1008 3626 1068 3691 tali'
1081 3633 1139 3690 mi-

71 3711 254 3773 sericordis-
261 3709 441 3790 judicentur
460 3709 546 3794 digni
565 3730 630 3772 non
648 3730 730 3771 esses
758 3730 816 3772 nec
838 3712 1033 3794 nsque'edeo
1052 3708 1140 3789 bene,

71 3807 109 3856 ut
132 3793 222 3854 talem
242 3794 482 3855 misericordiam
501 3795 696 3876 reperiantur
712 3800 1000 3858 necessariam‘non
1019 3797 1140 3859 hebere.

72 3878 275 3944 Siout,etibm
295 3878 376 3939 facta
392 3880 619 3940 resurrectione
634 3890 829 3960 mortuorunt
842 3896 905 3940 non
920 3880 1058 3960 deerunt,
1071 3885 1233 3965 qui-unuh·
1255 3893 1288 3933 1²·

75 3963 144 4023 bus·
158 3956 230 4047 post
246 3978 384 4045 poenas,
405 3982 479 4044 quas
505 3964 667 4046 potiuntur
698 3965 826 4043 spiritus
847 3968 1061 4044 mortuornin,
1085 3969 1143 4026 im·
1154 3945 1192 3988 Μ’
1209 3941 1249 3986 ³²¹

75 4048 232 4130 pertintur
267 4047 499 4124 misericordia,
513 4059 564 4107 -ut
580 4049 628 4105 in
653 4048 752 4131 ignem
779 4066 842 4106 non
865 4040 1028 4109 mittuntur
1043 4063 1144 4112 neter-

74 4148 161 4192 nnm.
183 4156 187 4165 ¹
204 4129 312 4219 Neque
339 4134 420 4193 enim
434 4154 438 4175 ι
450 4131 493 4191 de
504 4130 688 4211 quibusdam
701 4131 855 4191 -veraciter
870 4130 1039 4213 diceretur,
1053 4135 1145 4218 ,quod

51 4234 143 4276 ·non
166 4216 225 4275 eis·
235 4210 599 4311 reminstmlunequefid
611 4215 811 4281 boo¹seenulo
819 4219 1012 4298 ,nequens
1028 4220 1145 4296 futuro,

878 4327 952 4402 sl*
