2790 4792
380 293 898 417 Mararmanis·-
1000 362 1134 429 *493

10 511 14 547 l
68 541 211 626 nupsisse
229 538 384 602 dicantur:
425 533 495 598 Non
518 555 589 597 sane
609 535 675 617 ipse
704 530 752 592 iel
774 530 918 617 babebat,
934 535 993 599 'rel
1017 535 1270 633 haberesfruoau
1291 546 1316 588 ει

10 595 13 687 l
65 627 194 689 volebat
208 646 343 701 uxorem,
364 621 450 705 quod
470 642 534 681 non
547 631 678 702 propter
698 617 826 698 aliquod
843 623 927 704 apud
939 624 1059 683 DEUM
1071 630 1135 683 ma·
1145 606 1314 686 iailffdallrii'

62 714 122 793 jus
140 711 282 772 meritum
301 710 332 769 in
349 728 441 792 regno
455 707 534 763 vitae
552 713 718 785 perpetuae
732 702 942 784 profuturum,
956 709 1017 767 -scd
1036 695 1283 796 prop-ffssfflgt·

65 808 121 855 ter
139 796 323 877 praesentem
346 791 492 876 prodesse
516 788 742 862 necessitatem,
768 786 924 870 nepbomc
961 793 1136 876 conjugales

66 881 206 962 patiatur
219 876 378 953 molestias,
399 869 585 952 disputabat.
629 871 698 931 Cito
717 882 819 932 tamen
845 873 903 932 ista
921 871 1053 933 haeresis
1078 896 1138 958 ops·

66 984 172 1047 pressa
196 974 225 1022 et
243 963 371 1022 extincta
394 966 449 1030 est,
469 973 525 1013 nec
547 954 707 1038 usquead
733 955 945 1040 deceptionem
965 957 1140 1038 aliquorum

71 1046 266 1109 sacerdotum
286 1043 389 1125 potuit
412 1039 581 1120 pervenire.
811 1044 814 1055 '

151 1143 180 1198 3.
223 1123 450 1190 CONCILIUM
464 1122 602 1183 Trident.
619 1142 690 1183 sess.
709 1133 761 1198 24,
780 1124 904 1186 Canone
922 1135 979 1190 10:
1017 1120 1049 1181 Si
1066 1122 1134 1203 quis

64 1202 185 1291 dixerit,
204 1224 315 1272 statum
327 1205 518 1289 conjugalem
530 1208 776 1291 anteponendum
790 1228 854 1269 esse
875 1209 968 1269 statui
977 1207 1135 1290 virginitn-
1145 1209 1312 1298 ffissllffitffivie

64 1300 116 1375 tis,
132 1297 181 1359 vel
205 1293 380 1367 caelibatus,
401 1302 431 1350 et
452 1312 513 1352 non
537 1312 601 1353 esse
626 1291 735 1352 melius
757 1312 793 1352 ac
814 1293 934 1353 beatius
964 1311 1088 1352 manere
1105 1293 1136 1350 in
1147 1271 1314 1364 mainerum

61 1382 240 1467 virginitate
261 1388 315 1436 aut
344 1374 502 1458 caelibatu,
534 1396 627 1460 quam
645 1377 736 1460 jungi
767 1377 982 1455 matrimonio,
1012 1357 1316 1464 mathe·{ii‡²ll¹itss.

61 1486 116 1528 ma
147 1467 197 1525 sit·
920 1463 922 1467 '
956 1468 960 1492 ῑ
1151 1465 1230 1496 monio
1244 1465 1316 1507 mugi·

152 1560 182 1615 4.
223 1541 481 1604 AUGUSTINUS
503 1542 558 1606 lib.
579 1543 635 1605 VI.
653 1528 1052 1628 Confessionum,c'ap.11:
1074 1544 1142 1604 Pn-

63 1631 171 1694 tabam
190 1648 239 1688 mc
260 1620 401 1689 miserum
427 1628 496 1688 fore
518 1619 617 1704 nimid,
638 1629 669 1688 si¹
681 1628 833 1689 foeminae
842 1629 981 1712 privarer
995 1629 1141 1710 amplexi-

65 1716 138 1791 bus,
163 1724 193 1774 et
209 1711 388 1772 medicinam
411 1711 638 1773 misericordiae
664 1723 737 1773 tuae
758 1713 797 1774 ad
825 1714 951 1774 eandem
978 1712 1141 1774 infirmita·

66 1812 131 1861 tem
145 1788 309 1861 sanandam
330 1817 393 1856 non
424 1794 611 1939 cogitabam
633 1796 706 1878 qnia
732 1809 874 1880 expertus
901 1819 965 1861 non
984 1819 1084 1876 eram,
1109 1809 1141 1859 et

67 1882 270 1966 propriarum
285 1881 394 1940 virium
406 1901 457 1940 ere
481 1880 568 1940 ebant
585 1901 651 1947 esse
670 1885 897 1961 continentiam,
913 1904 1043 1964 quarum
1063 1882 1140 1943 mihi

66 1986 132 2025 non
156 1986 238 2027 eram
258 1966 409 2042 conscius,
430 1985 499 2024 cum
519 1977 580 2024 tam
602 1965 711 2027 stultus
733 1987 836 2042 essem,
858 1979 894 2026 ut
913 1969 1071 2044 nescirem,
1093 1968 1137 2025 si·
1277 2042 1279 2047 Ι

64 2061 122 2109 cut
141 2050 289 2131 seriptum
312 2060 373 2125 estf
414 2048 570 2108 Neminem
587 2068 676 2130 posse
689 2070 753 2115 esse
778 2052 1004 2127 continentem,
1020 2051 1078 2110 nisi
1099 2063 1134 2109 tu
1148 2065 1312 2117 eapientem.

64 2131 198 2195 dederis.
240 2130 353 2213 Utique
366 2129 463 2208 dares,
485 2133 511 2191 si
525 2133 638 2215 gemitu
650 2134 770 2193 interno
789 2134 942 2215 pulsarem
958 2155 1046 2195 aures
1057 2148 1133 2211 tuas,
1146 2117 1326 2212 lli'ffis‘ss's'f
1353 2174 1357 2181 ·

66 2229 99 2279 et
117 2213 179 2277 fide
199 2213 298 2276 solida
321 2215 353 2274 in
379 2227 410 2276 te
428 2217 574 2296 jactarem
590 2237 695 2277 euram
717 2238 825 2282 meam.
1145 2213 1249 2249 ΜΝ
1265 2212 1312 2249 ¹⁸¹·

1161 2261 1207 2298 itur
1216 2261 1278 2298 Deus
1287 2263 1312 2297 et

151 2312 180 2367 5.
222 2299 277 2359 ET
294 2296 348 2359 lib.
372 2310 402 2374 8,
425 2321 491 2382 cap.
509 2311 567 2365 12:
609 2297 815 2380 Aperiebatur
835 2297 874 2358 ab
896 2320 930 2359 ea
950 2311 1048 2380 parte,
1073 2272 1169 2378 qual¹¹
1192 2320 1242 2396 epm
1260 2319 1312 2362 ars·

66 2383 256 2446 intenderam
275 2383 394 2458 faeiem,
413 2393 445 2442 et
462 2402 524 2463 quo
543 2383 672 2440 transire
694 2380 902 2462 trepidabam,
932 2395 1012 2441 casta
1033 2383 1136 2467 digni·
1146 2364 1206 2398 ’ω’
1224 2368 1260 2398 ¹¹⁸⁹

65 2480 112 2529 tas
135 2468 367 2540 Continentiae,
390 2484 497 2524 serena
522 2473 553 2521 et
586 2480 647 2522 non
672 2454 820 2524 dissolute
846 2464 976 2540 hilaris,
992 2465 1135 2525 boneste
1204 2510 1208 2523 .

65 2552 225 2614 blandiens
244 2560 280 2609 ut
296 2549 440 2622 venirem,
462 2566 561 2627 neque
582 2545 815 2625 dubitarem‚'et
840 2548 1002 2608 extendens
1026 2550 1065 2608 ad
1087 2571 1134 2609 me
1146 2577 1248 2618 castitas
1262 2577 1298 2618 tu·

63 2633 293 2717 suscipiendum
316 2643 346 2690 et
364 2629 603 2712 amplectendum
616 2632 701 2716 -pias
719 2628 824 2692 manus
850 2632 956 2715 plenas
990 2633 1133 2717 gregibus
1144 2629 1281 2732 {ffssffiussffi

62 2720 225 2783 bonorum
243 2712 457 2796 exemplorum.
500 2712 549 2773 Ibi
570 2726 619 2776 tot
638 2717 727 2799 pueri
747 2729 777 2777 et
800 2717 928 2800 puellae,
949 2715 993 2776 ihi
1020 2719 1135 2799 juven-

64 2816 118 2865 tus
140 2799 238 2859 multa
255 2809 285 2858 et
304 2800 402 2858 omnis
420 2809 511 2874 aetas,
529 2810 559 2860 et
580 2821 683 2884 graves
704 2802 825 2879 viduae,
849 2813 880 2863 et
898 2803 1027 2888 virgines
1047 2822 1133 2881 anus,

65 2887 146 2949 etin
167 2881 310 2944 omnibus
331 2884 396 2964 ipsa
422 2882 616 2945 Continentia
641 2906 833 2968 nequaquam
847 2886 968 2962 sterilis,
987 2886 1041 2946 sed
1069 2887 1138 2947 foe-

66 2967 170 3030 cunda
192 2977 288 3028 mater
306 2965 443 3029 liliorum
457 2967 640 3053 gaudiorum
662 2970 700 3031 de
722 2975 832 3032 marito
856 2983 888 3032 te
908 2972 1051 3034 Domine.
1094 2972 1137 3031 Et

65 3050 215 3113 irridebat
237 3072 285 3112 me
306 3053 449 3114 irrisione
466 3051 684 3132 exhortatoria,
712 3057 798 3137 quasi
823 3055 953 3117 diceret:
995 3056 1044 3114 Tu
1071 3076 1135 3115 non

63 3139 190 3222 poteris,
214 3135 303 3219 quod⁴
322 3138 372 3197 isti
397 3148 428 3197 et
455 3137 548 3197 istae?
590 3137 632 3199 At
661 3160 735 3200 vero
758 3141 807 3199 isti
835 3151 865 3199 et
889 3141 961 3199 istae
987 3140 1018 3199 in
1041 3151 1135 3200 semet
1146 3142 1282 3226 c„„„„„

63 3221 139 3304 ipsis
153 3233 289 3303 possunt,
311 3241 346 3280 ac
362 3242 425 3282 non
449 3223 479 3281 in
500 3223 633 3284 Domino
653 3224 721 3284 Deo
752 3223 830 3285 suoi
871 3224 1023 3284 Dominus
1048 3224 1132 3284 Deus
1146 3246 1236 3325 :33⁸
1245 3245 1310 3322 n1:3¹¹·

62 3324 175 3366 eornm
197 3326 245 3366 me
264 3304 349 3366 dedit
368 3308 419 3365 eis.
463 3305 548 3383 Quid
573 3312 655 3369 inte
684 3320 756 3388 stas,
790 3320 820 3369 et
838 3327 902 3369 non
924 3309 1009 3369 stasl
1049 3308 1310 3391 Pro-gissus„

60 3389 127 3537 {pce
145 3400 176 3450 te
197 3392 237 3449 in'
252 3410 331 3467 eum,
361 3389 426 3451 noli
447 3403 603 3470 metuere,
632 3403 693 3454 non
710 3414 742 3454 se
769 3391 940 3472 subtrahet,
969 3402 1006 3455 ut
1030 3391 1297 3470 cadas.{l,³¹1⁸‚g„‘}}¹„⁸3²

92 3475 190 3555 rejice
207 3485 238 3534 te
252 3494 385 3551 securus,
409 3477 539 3559 excipiet
556 3487 596 3554 te,
612 3490 642 3538 et
657 3477 786 3538 salvabit
807 3490 846 3539 te.
935 3492 939 3500 ’
1142 3479 1193 3522 1³⁸⁰
1207 3483 1300 3552 ΜΨ·

144 3570 174 3626 6.
217 3557 425 3620 ORJGENES
447 3562 478 3620 in
500 3581 566 3644 cap.
589 3574 627 3630 19
649 3556 795 3624 Matthaei
814 3573 957 3624 tractatu·
974 3573 993 3630 7
1000 3583 1009 3622 ι
1060 3560 1131 3639 Non

60 3660 167 3703 omnes
187 3643 313 3726 capiunt
333 3641 402 3704 hoc
415 3644 565 3721 verbum,
592 3647 647 3707 sed
670 3647 784 3728 quibus
811 3647 915 3707 datum
940 3656 994 3706 est.
1037 3647 1229 3722 Quo-cm.
1244 3687 1295 3726 m,

59 3727 142 3787 niam
162 3739 260 3787 antem
281 3724 404 3808 quidam
430 3729 662 3806 calumniantur,
677 3732 763 3812 quod
782 3731 920 3792 Christus
941 3731 1004 3791 niti
1047 3733 1128 3808 Qui·
1140 3729 1178 3780 ‘1¹¹³
1191 3727 1281 3816 {2¹:⁰³2

58 3808 122 3870 bus
153 3811 257 3872 datum
281 3822 336 3886 est,
369 3815 457 3894 qnasi
488 3817 708 3874 excusationem
736 3815 900 3892 babentes,
931 3829 961 3876 et
991 3814 1126 3874 volentes
1138 3789 1227 3866 tlldt‘em
1242 3788 1305 3866 «ξιξ.

60 3894 187 3978 quidem
204 3918 266 3957 csse
285 3897 316 3956 in
341 3899 499 3973 castitate,
527 3918 590 3957 non
619 3910 733 3960 autem·
747 3901 961 3984 praevalentes.
1004 3900 1125 3976 Quibus
1139 3887 1254 3964 'ilici‘m

57 3988 107 4039 est
133 3979 395 4062 respondendum:
438 3980 471 4040 Si
491 3981 615 4062 quidem
634 3986 800 4068 accipimus
821 3984 1014 4067 simpliciter,
1039 3984 1124 4065 quod
1137 3974 1302 4068 „fi'o'f‘fi’ssffi

53 4058 253 4141 dictumest,
278 4064 332 4126 sed
358 4063 473 4148 quibus
492 4067 597 4126 datum
626 4079 689 4133 est:
719 4082 783 4131 non
806 4081 906 4130 autem
932 4068 1122 4146 attendimus,
1134 4049 1300 4161 fggffiffigg·

54 4145 146 4227 quod
166 4146 238 4206 alibi
255 4147 349 4210 dicit.-
389 4149 498 4227 Petitc,
522 4161 553 4211 et
580 4150 707 4214 dabitur
729 4154 832 4221 vobisc
865 4164 894 4214 et
924 4154 1042 4226 omnis,
1067 4176 1120 4236 qur
1133 4167 1300 4270 31:333&

45 4231 140 4316 petit,
161 4231 287 4317 accipit:
307 4245 362 4296 aut
381 4232 488 4299 fideles
502 4254 570 4301 non
600 4250 725 4318 snmus,
751 4241 960 4303 miserentes
983 4239 1246 4324 scriptu-..mue
