2790 4792
328 309 807 421 -,2.·u:.tt,3cr1ott'1³s.
948 310 952 321 ‘
1075 324 1152 392 sou

73 515 148 587 post
171 524 204 565 se
224 501 412 584 relinquens,
434 503 467 564 in
489 499 567 563 illud
596 499 787 573 horrendum
812 512 843 561 et
863 500 912 562 vir
942 501 1040 564 oculis
1058 505 1152 567 attin·

74 587 207 671 gendum
225 587 425 672 pertrahetur
440 586 645 673 profundum,
666 585 793 646 diversis
806 588 947 647 avaritiae
964 607 1000 649 ac
1017 588 1150 649 malitiae

72 684 212 735 catenata
232 672 429 750 criminibus,
443 683 591 756 quantum
614 669 751 754 perdidit
773 673 917 752 pretium,
955 683 1074 734 tantum
1096 694 1148 734 ex·

73 769 206 841 ceptura
224 756 428 841 suppliciuml
662 780 665 785 ·
984 770 986 775 '

68 868 73 876 ·
121 846 125 881 '-
159 855 187 910 7.
229 841 414 903 SEVERUS
450 838 601 924 Sulpitius
638 836 677 898 de
709 839 840 898 transitu
868 841 966 902 sancti
998 841 1311 909 Martinimarttnuta.

72 921 156 983 Haec
177 925 315 1006 locutus,
338 923 500 1007 diabolum
526 923 603 984 vidit
656 942 733 1008 rope
771 925 918 982 assistere.
956 923 1061 999 2Quid
1080 912 1201 1003 ¹¹5⁰>th
1213 915 1326 1006 Ἇῗζξξξῗ·

70 1008 183 1089 inquit,
205 1010 305 1073 adstas
331 1021 456 1072 cruenta
480 1007 600 1068 bestia?
631 942 716 1067 hihil
737 1012 769 1068 in
793 1026 841 1066 me
853 1006 973 1068 funeste
991 1010 1214 1090 reperieszflru·

67 1090 212 1157 Abrahae
229 1117 277 1156 me
303 1097 388 1155 sinus
409 1094 547 1175 recipiet.
590 1090 746 1152 Cum·hac
766 1110 839 1175 ergo
870 1110 959 1170 voce,
983 1091 1142 1177 fatigatum

65 1174 186 1239 Divinis
199 1179 344 1264 operibus
365 1179 517 1261 spiritum
533 1172 785 1243 caelo'retldidit.
860 1212 864 1219 ·
958 1239 960 1242 ,
1205 1196 1230 1223 ‘-

33 1284 37 1291 ·
80 1302 90 1311 ›-
151 1259 693 1343 1.›o.ur1E0PitYLAcTtls,-in
720 1259 967 1345 cap.6.Ma1·cir
1008 1258 1065 1319 Est
1082 1261 1143 1344 igi-
1227 1322 1230 1330 ,

63 1354 119 1404 tur
139 1345 243 1407 oleum
267 1346 361 1406 etad
386 1345 509 1407 labores
531 1344 625 1415 utile,
650 1339 782 1423 et''lucis
809 1346 988 1420 lomentum,
1009 1356 1039 1404 et
1057 1341 1208 1416 hila-0101
1224 1379 1303 1425 nativa

63 1428 166 1490 ritati's
186 1432 358 1491 effectivum
370 1428 632 1514 ,'·''signillcatque'
648 1431 890 1491 misericordiam
915 1428 991 1501 Dei,
1013 1439 1044 1488 et
1066 1425 1315 1516 gra-{lssigf’lss‘ffi‘

63 1512 140 1581 tiam
165 1515 307 1597 spiritus,
327 1535 384 1597 per
411 1517 507 1597 quam'
531 1512 679 1575 alaburc
712 1515 887 1591 liberamur,
918 1525 949 1573 et
983 1512 1164 1572 lucent‘ucx

61 1598 208 1679 gaudium
231 1594 484 1681 hilaritatemque
501 1600 674 1682 accipimus.
774 1606 783 1619 ''
1034 1652 1038 1657 .

68 1712 71 1717 ·
147 1695 176 1746 2.
231 1678 489 1745 AUGUSTINUS
515 1704 603 1744 serm.
632 1696 704 1750 215.
733 1680 773 1743 de
804 1690 958 1765 tempore:
1002 1682 1133 1758 Quoties

58 1762 164 1844 aliqua
185 1763 343 1827 infirmitas
357 1760 575 1852 supervenerit,
596 1776 713 1851 corpus
732 1778 764 1828 et
774 1769 949 1850 sanguinem
969 1765 1131 1827 CHRISTI
1140 1807 1240 1862 men„
1247 1813 1305 1867 ,m

59 1846 124 1922 ille,
147 1851 200 1928 qui
215 1865 364 1934 aegrotat,
386 1855 526 1936 accipiet,
539 1852 656 1915 atinde
671 1855 747 1932 (sive
761 1850 887 1926 deinde)
911 1851 1278 1933 corpusculum'wmmfflue·
1308 1849 1312 1855 ’

58 1950 149 1989 suum
167 1948 270 2016 ungat,
301 1947 337 1995 ut
357 1936 443 2014 illud,
470 1937 554 2018 quod
581 1936 816 2020 scriptumest,
837 1935 1001 2018 impleatur
1024 1939 1056 1997 iu
1070 1917 1302 2003 eozissssffif‘ll’
1356 2005 1361 2013 .

54 2011 237 2076 infirmatur
256 2019 364 2101 aliquis
376 2020 399 2079 l
416 2021 542 2082 inducat
557 2020 754 2104 presbyteros
773 2032 831 2081 etc.
866 2017 988 2094 Videte,
1001 2019 1125 2102 fratres,
1136 2012 1169 2052 ¹⁵·

52 2099 140 2180 quia,
164 2103 218 2180 qni
239 2105 270 2162 in
287 2104 463 2165 infirmitate
483 2105 703 2195 &Ecclesiam
726 2105 915 2182 cucurrerit,
928 2116 959 2163 et
982 2106 1147 2187 corporis

53 2184 212 2324 neptitatem
231 2193 409 2272 'reciperes
428 2200 460 2250 et
480 2180 926 2275 peccatomm'lndulgentiam
956 2189 1128 2250 merebitur
1192 2236 1199 2266 ,
1275 2206 1292 2213 ··
1352 2208 1354 2218 ·

56 2287 79 2327 o
101 2270 208 2330 tinere.
1025 2284 1031 2293 “
1201 2306 1203 2310 -

138 2364 168 2419 ὅ·
211 2354 256 2415 ΙΝ
268 2368 400 2419 tractatu
415 2359 454 2421 de
467 2357 654 2418 rectitudine
671 2354 847 2416 Catholicae
871 2353 1127 2414 conversationis:

55 2435 183 2510 Quoties
199 2438 300 2520 aliqua
313 2440 471 2501 infirmitas
487 2441 660 2500 occurrerit
675 2439 812 2520 sortilegi
826 2436 927 2512 alicui,
948 2457 1011 2495 non
1033 2456 1129 2516 quae·

53 2533 162 2580 rantur
179 2537 435 2605 praecantatores,
459 2545 523 2582 non
535 2519 899 2602 divini',''nori‘sortilegi,
910 2527 971 2580 hon
988 2523 1124 2598 carcarii,

53 2625 156 2685 neque
176 2628 232 2688 per
246 2608 357 2682 fontes,
367 2621 421 2666 aut
446 2607 585 2683 arbores,
608 2617 660 2665 aut
667 2605 749 2665 bivia
760 2603 949 2688 phylacteria
963 2625 1124 2665 exercean-

50 2702 116 2765 tur,
131 2689 185 2747 scd
203 2693 258 2769 qni
277 2703 426 2772 aegrotat,
440 2692 473 2751 in
482 2689 549 2751 sola
560 2690 634 2750 DEI
643 2690 852 2753 misericordia
862 2688 1006 2768 confidat,
1017 2703 1047 2750 et
1057 2690 1122 2748 Eu·
1134 2699 1228 2756 tepeat
1241 2700 1297 2752 quta

52 2771 230 2832 charistiam
247 2786 315 2841 cum
333 2771 396 2833 lide
410 2784 440 2833 et
451 2775 615 2837 devotione
624 2776 773 2859 accipiat,
795 2773 958 2857 oleumque
970 2774 1121 2837 benedic·
1132 2764 1198 2843 ἔζη
1216 2750 1282 2792 dm

49 2869 118 2918 tum
141 2854 273 2915 fideliter
294 2856 333 2931 ab
356 2857 493 2919 Ecclesia
513 2872 607 2943 petat,
628 2859 711 2920 unde
734 2879 847 2944 corpus
869 2873 1118 2943 suumungatur,

51 2953 86 3000 et
121 2938 287 2998 secundum
318 2939 520 3023 Apostolum:
554 2944 665 3016 Oratio
685 2943 768 3019 'lirici
798 2943 928 3004 salvabit
953 2945 1117 3020 infirmum,
1188 2962 1189 2965 ¹

50 3034 84 3083 ct
107 3021 261 3083 alleviabit
293 3045 361 3084 eum
396 3027 572 3089 Dominust
600 3050 664 3090 non
694 3028 790 3102 solum
814 3031 974 3112 corporis,
1006 3029 1060 3089 sed
1087 3038 1118 3086 et

49 3108 168 3168 animae
190 3111 346 3170 sanitatem
379 3115 530 3196 accipiet,
567 3113 839 3197 complebiturque
871 3116 903 3172 in
926 3114 979 3172 illo
992 3157 1002 3192 ,
1032 3109 1117 3193 quod

46 3191 239 3252 DOMINUS
253 3194 284 3252 in
303 3195 458 3278 evangalio
480 3202 631 3281 promisit,
665 3198 783 3259 dicens:
827 3196 947 3273 Omnia,
962 3217 1290 3277 quaecunqmmhw,

45 3298 112 3374 que
125 3278 275 3359 petieritis
297 3292 417 3363 patrem
438 3284 470 3342 in
496 3271 618 3348 nomine
642 3304 711 3350 meo
736 3286 768 3344 in
790 3283 940 3358 oratione,
959 3278 1116 3342 credentes

42 3382 110 3424 acci
134 3362 212 3421 ictis.

109 3382 159 3512 spo.
202 3445 311 3529 ITEM,
323 3448 354 3507 in
375 3447 427 3508 lib.
442 3449 481 3509 ll.
496 3448 545 3508 De
564 3451 746 3512 visitatione·
762 3445 965 3526 infirmorum,
984 3470 1050 3533 cap.
1071 3462 1115 3516 b:

40 3530 109 3594 Nec
126 3533 432 3612 praetermittendum
453 3545 498 3594 est
516 3532 605 3594 illud¹
615 3533 756 3618 Apostoli
772 3532 881 3595 iacobi
897 3547 1112 3617 praeceptum:
1123 3552 1204 3594 saeos.
1221 3557 1242 3600 s.
1256 3557 1290 3596 aa.

42 3612 225 3677 Infirmatur
250 3619 319 3697 quis
336 3619 368 3676 in
389 3617 498 3679 vobisl
521 3619 648 3679 inducat
667 3616 865 3701 presbyteros
888 3616 1052 3695 Ecclesiae,
1077 3633 1113 3678 ut
1123 3611 1155 3649 ¹⁵·

42 3711 135 3759 orent
174 3721 266 3783 super
295 3722 383 3778 eum,
417 3715 564 3764 nocentes
590 3724 658 3762 eum
689 3702 772 3763 oleo
797 3715 902 3763 sancto
928 3704 959 3762 in
991 3705 1114 3777 nomine
1207 3728 1210 3733 ’

41 3782 161 3844 JESUz
183 3797 215 3844 et
233 3788 332 3846 oratio
353 3780 425 3846 'fidei
436 3749 565 3847 salvabit
585 3785 752 3859 infirmum}
794 3787 880 3871 Ergo
901 3789 945 3848 sic
965 3808 1053 3871 roges
1075 3788 1114 3848 de
1213 3784 1216 3791 ’

39 3880 75 3930 te
86 3914 89 3921 .
101 3880 131 3926 et
151 3890 209 3951 pro
233 3881 265 3930 te
282 3869 361 3948 fieri,
388 3873 470 3931 sicut
497 3872 573 3931 dixit
591 3868 756 3954 Apostolus
773 3871 926 3947 tacebas,
944 3875 1036 3932 immo
1058 3893 1115 3955 per

44 3954 218 4034 apostolum
242 3972 330 4015 suum
350 3959 522 4021 Dominus:
554 3956 619 4038 ipsa
644 3954 788 4032 videlicet
817 3957 876 4016 olei
897 3961 1007 4018 sacrati
1031 3955 1112 4018 deli-

46 4030 156 4114 butio,
188 4034 367 4123 inlellig'itur
400 4040 533 4124 Spiritus
568 4040 664 4099 sancti
692 4037 831 4120 typicalis
861 4042 977 4102 unctio.
1030 4038 1114 4102 Illud
1178 4065 1182 4074 ·

44 4121 134 4183 etiam
154 4120 304 4184 vivificum
324 4127 480 4193 Dominici
501 4126 642 4208 corporis
669 4123 928 4206 supplementum,
949 4128 1114 4210 suscipere,

41 4202 160 4282 filimi,
182 4226 244 4266 non
271 4229 395 4271 renuas:
423 4212 566 4272 viaticum
583 4208 641 4270 tibi
659 4209 718 4269 erit
745 4209 987 4274 saluberrimum.

1141 1757 1238 1812 Aegrotl
1256 1756 1290 1798 in-
