2790 4792
290 275 876 398 recurrebas*
943 368 944 373 ψ
1028 296 1108 395 ivs

44 487 106 548 fieti
127 496 194 546 ante
216 492 447 565 praemonstrat,
470 478 647 547 immolatae,
667 479 834 545 hostiae'et
857 484 1007 569 penitet.
1033 487 1109 567 vini,
1141 510 1145 517 ⁴

44 572 99 632 sed
121 582 153 629 et
174 569 278 629 altaris
299 578 328 626 et
350 565 572 648 Apostolorum
600 564 715 626 faciens
738 568 937 632 mentionem:
978 571 1109 656 Sapien-

44 658 97 731 tia,
120 656 240 735 inquit,
263 648 430 710 aedificavit
455 650 515 711 sibi
543 650 687 724 domum,
717 661 748 709 et
778 653 915 715 subdidit
950 658 1107 718 columnas
1282 720 1287 729 ,

43 743 176 822 septenis
218 737 359 796 Mactavit
376 755 445 795 suas
475 734 610 809 hostias,
641 735 762 792 miscuit
796 737 828 794 in
858 752 974 814 cratera
1000 744 1185 802 viuumrm.
1198 752 1254 800 ee.
1284 778 1287 783 .

44 843 144 898 surim,
162 834 191 882 et
210 821 327 904 paravit
345 816 477 878 mensam
490 835 593 878 suam:
637 816 683 877 Et·
700 818 905 882 misit-servos
925 843 1009 902 suos,⁸
1029 846 1107 886 con..
1206 814 1208 819 ’
1270 818 1288 827 ”

43 926 153 966 vocans
174 926 241 964 cum
261 901 374 963 excelsa
399 901 627 984 praedicatione
651 901 866 980 adoratorem,
888 917 946 969 etc.

127 1005 155 1056 2.
197 986 393 1048 EUSEBIUS
433 986 467 1043 L.
496 984 534 1043 V.
558 984 600 1067 de,
637 985 832 1046 demonstrat.
866 1009 968 1072 evang.
1006 1012 1032 1050 c.
1059 1004 1105 1058 a:
1234 1055 1236 1062 ,

40 1073 81 1133 Et
113 1094 182 1134 sane
220 1071 338 1133 oraculi
370 1072 470 1130 exitus
505 1067 689 1128 admirabilis
728 1071 754 1129 ei
789 1071 845 1151 qui
874 1066 1104 1156 contempletur,
1115 1083 1184 1171 “orn
1198 1087 1280 1131 minse.
1305 1110 1312 1125 ι

40 1158 291 1239 quemadmodum
314 1154 456 1213 Salvator
476 1165 581 1211 noster
605 1153 701 1229 Jesns,
730 1156 783 1235 qui
800 1167 846 1214 est
874 1157 1012 1216 Christus
1035 1135 1278 1231 Dei,-md÷.⁸t⁰.‘ll⁸¹'

39 1244 129 1324 ipsius
151 1237 380 1302 Melchisedech
401 1238 473 1308 ritu,
500 1257 543 1311 ca,
569 1257 644 1317 quae
674 1237 714 1296 ad
740 1238 932 1314 'sacerdotum
948 1243 980 1299 in
1000 1228 1225 1317 homimffffi‘ssiffi
1243 1243 1280 1320 {22

38 1327 129 1387 nibus
147 1325 315 1410 gerendum
336 1330 482 1402 spectant,
503 1331 647 1402 pcr'suos
661 1323 814 1381 ministros
827 1321 986 1404 perficiat.
1028 1325 1104 1383 Nam
1114 1325 1214 1416 ffiffi'
1231 1327 1282 1372 ⁰³¹¹·

40 1411 300 1492 quemadmodum
322 1404 383 1479 ille,
405 1403 460 1482 qni
474 1404 612 1463 sacerdos
635 1408 769 1487 gentium
789 1419 863 1482 erat,
884 1429 1034 1488 nusquam
1057 1411 1116 1467 vis
1202 1387 1241 1453 ⁸⁶·

38 1495 131 1555 detur
150 1490 310 1552 sacrificiis
332 1487 545 1567 corporalibus
567 1488 701 1566 functus,
722 1490 784 1549 sed·
797 1491 870 1551 vino¹
892 1492 957 1557 solo
970 1503 998 1549 et
1016 1513 1105 1575 pane,

38 1579 114 1637 dum
136 1578 197 1659 ipsi
213 1569 377 1630 =hbraham
398 1569 563 1629 benedicit:
584 1573 719 1632 ita'sane
742 1576 857 1656 primus
877 1577 940 1658 ipse
964 1575 1107 1637 Salvator

38 1683 75 1723 ac
95 1661 250 1717 Dominus
270 1666 388 1715 noster:
411 1653 518 1714 deinde
541 1658 593 1737 qui
616 1655 654 1716 ab
671 1658 738 1738 ipso
752 1659 883 1740 profecti
902 1671 980 1734 sunt,
1003 1681 1107 1721 sacer-

39 1745 131 1804 dotes
152 1743 183 1799 in
208 1737 348 1810 omnibus
364 1738 513 1820 gentibus,
535 1739 692 1821 spirituale
723 1743 891 1802 secundum
920 1744 1106 1805 ecclesiasti·
1184 1734 1185 1741 ἵ

39 1846 92 1886 cas
112 1826 281 1899 sanctiones
303 1822 464 1880 sacerdotii
484 1844 590 1882 munus
610 1824 772 1902 obeimtes,
794 1832 865 1887 vino
886 1848 922 1887 ac
952 1850 1047 1910 pane,
1072 1840 1103 1890 et

36 1910 178 1993 corporis
204 1907 281 1966 illius
304 1917 334 1963 et
360 1905 497 1965 salutaris
520 1910 682 1990 sanguinis
699 1922 841 1984 mysteria
865 1925 1100 1995 repraesentant,

35 2015 115 2077 quac
140 2013 211 2052 sane
235 1995 374 2065 mysteria
394 1972 618 2051 Melchisedech
641 2004 727 2053 tanto
758 2006 826 2053 ante
852 1999 964 2076 spiritu
992 1997 1110 2058 divino-

35 2086 229 2162 eognoverat,
245 2087 275 2134 et
292 2094 395 2133 rerum
420 2073 592 2134 futurarum
614 2077 794 2159 imaginibus
815 2099 886 2139 usus
910 2081 1032 2156 fuerat,
1054 2083 1098 2139 si·-

36 2162 194 2223 autetiam
216 2159 315 2234 Moysi
337 2159 486 2240 scriptura
509 2157 699 2237 testificatur,
720 2161 777 2220 ubi
801 2164 856 2221 ait:
900 2163 942 2223 Et
966 2154 1274 2258 melchi-,lunanu-

36 2245 148 2308 sedech
170 2265 222 2304 rex
241 2243 348 2318 Salem,
365 2240 497 2323 protulit
515 2264 607 2325 panes
630 2257 661 2302 et
677 2247 797 2303 vinum:
839 2246 915 2305 Ecat
935 2225 1207 2311 autemst-elil‘1”¹⁸
1220 2236 1275 2265 '⁰⁸'

33 2332 144 2393 cardos
164 2328 222 2389 Dei
246 2326 387 2401 altissimi,
407 2339 437 2386 et
460 2326 615 2386 benedixit
632 2325 797 2386 Abraham.

119 2427 149 2481 3.
190 2409 459 2472 HIERONYMUS
481 2413 514 2468 in
532 2411 620 2489 epist.
638 2421 686 2474 17.
709 2410 747 2468 ad
760 2409 942 2484 Marcellam,
964 2410 1022 2470 sub
1043 2431 1101 2471 no-

34 2501 119 2560 mine·
136 2495 249 2558 Paulae
279 2508 310 2556 et
334 2493 512 2566 Eustochii‚
536 2503 572 2549 ut
601 2495 779 2575 commigret
800 2492 997 2561 Bethlehem:
1037 2497 1100 2555 Re·

35 2604 126 2644 curre
156 2583 194 2642 ad
226 2582 384 2652 Genesim,
419 2588 450 2635 et
474 2573 696 2634 Melchisedech
724 2597 827 2660 regem
853 2577 971 2655 Salem,
1001 2577 1096 2661 hujus
1151 2581 1281 2633 “elchiau

33 2668 202 2752 principem
221 2666 352 2722 invenies
374 2661 520 2719 civitatis:
543 2659 596 2738 qui
620 2658 683 2739 jam
710 2672 783 2721 tunc
818 2663 849 2720 in
883 2674 956 2745 typo
982 2663 1095 2726 Christi
1108 2628 1203 2721 illidi
1209 2638 1274 2740 pppo

1107 2735 1194 2770 ueniet
1213 2743 1246 2770 vr·
1345 2756 1348 2763 =

33 2773 142 2836 panem
168 2764 198 2808 et
223 2749 326 2804 vinum
347 2742 472 2817 obtulit,
493 2754 522 2802 et
541 2745 718 2818 mysterium
751 2745 957 2807 Christianum
981 2750 1016 2815 in
1034 2748 1162 2820 sal-nu„
1176 2778 1271 2821 ,Mune

32 2837 148 2898 vatoris
175 2832 320 2910 sanguine
342 2838 373 2886 et
394 2846 525 2908 corpore
548 2827 707 2889 dedicavit.
793 2845 796 2849 ’
1071 2890 1072 2894 ,

120 2930 149 2984 4.
192 2912 298 2972 IDEM
321 2911 523 2986 Hieronymus
546 2912 585 2971 ad
612 2912 776 2997 Evagrium
798 2915 883 2998 epist.
916 2927 1002 2986 126·;
1046 2918 1097 2978 Sic

30 3015 63 3082 et,
78 2994 315 3071 Melchisedech,
334 3017 371 3055 eo
390 2996 474 3076 quod
494 2995 688 3058 Chananaeus
711 2999 814 3075 fuerit,
839 3012 869 3059 et
895 3020 959 3058 non
985 2999 1023 3058 de
1046 3023 1100 3082 gc-

28 3105 105 3148 nere
122 3081 315 3154 ludaeorum,
331 3082 362 3137 in
378 3091 484 3160 typum
495 3083 692 3163 praecessisse
709 3084 876 3142 sacerdotis
894 3078 952 3140 filii
974 3083 1043 3158 Dei,
1060 3083 1099 3144 de

29 3192 96 3254 qno
108 3168 225 3227 dicitur
237 3165 267 3223 in
278 3162 356 3223 (ΗΧ.
368 3164 499 3245 psalmo:
519 3166 568 3224 Tu
581 3187 612 3225 es
626 3165 769 3226 sacerdos
779 3167 811 3225 in
828 3177 1099 3226 aeteruumsecun-

30 3250 105 3315 dum
126 3251 265 3311 ordinem
278 3247 509 3308 Melchisedech.
532 3250 679 3310 Ordinem
692 3263 793 3310 autem
806 3251 871 3329 ejus
885 3249 986 3311 multis
998 3251 1098 3321 modis

30 3342 283 3420 interpretantur,
301 3331 387 3413 quod
409 3331 493 3391 solus
514 3345 545 3392 et
565 3354 616 3392 rex
636 3335 732 3395 fuerit
754 3346 784 3394 et
804 3334 956 3410 sacerdos,
976 3346 1014 3417 et¹
1028 3346 1097 3396 ante

30 3421 292 3484 circumcisionem
323 3417 448 3495 functus
479 3414 665 3481 sacerdotio:
701 3431 737 3479 ut
767 3438 830 3480 non
863 3429 964 3501 gentes
986 3438 1021 3478 ex
1039 3419 1097 3489 Ju-
1160 3486 1163 3491 ,

31 3509 126 3580 dacis,
148 3503 202 3564 sed
222 3503 331 3562 Judaci
354 3500 531 3583 agentibus
556 3503 755 3565 sacerdotium
775 3505 963 3587 acceperint,
995 3523 1095 3584 neque
1154 3563 1160 3578 ,

28 3602 140 3650 unctus
166 3587 235 3647 oleo
262 3585 454 3654 sacerdotali.
475 3596 510 3643 ut
528 3587 626 3660 Moysi
636 3599 799 3669 praecepta
822 3589 1021 3665 constituunt,
1039 3588 1093 3648 sed
1105 3566 1180 3669 ἔξω·
1198 3573 1225 3616 ⁹'

30 3676 99 3736 oleo
122 3672 314 3733 exultationis
342 3681 371 3729 et
390 3667 463 3729 fidei
478 3669 625 3750 puritate:
646 3691 745 3751 neque
769 3674 865 3730 earnis
887 3682 918 3730 et
938 3673 1092 3755 sanguinis

27 3763 164 3819 victimas
180 3755 388 3826 immolaverit,
411 3765 440 3812 et
457 3753 620 3814 brutorum
639 3755 810 3815 animalium
832 3756 1000 3837 sanguinem
1018 3747 1270 3848 ἀει-ξξξζ“,ζζζξξῖ

25 3856 72 3908 ,ινα
89 3844 269 3922 susceperit,
293 3840 347 3900 sed
368 3859 445 3919 pane
466 3850 496 3897 et
516 3839 589 3896 vino
608 3837 735 3919 simplici
762 3858 903 3919 puroque
927 3837 1241 3917 sacrifici0,'e1020hristi

1244 3576 1266 3614 ὅ·

1015 3926 1020 3938 .
1100 3901 1280 3937 eaci'amentunuv
1341 3906 1345 3924 ¹

26 3927 140 3986 Christi
162 3925 348 3992 dedicaverit
365 3934 596 3997 sacramentum,
620 3933 650 3983 et
670 3920 764 3982 multa
785 3921 853 3998 alia,
872 3941 950 4003 quae
976 3936 1223 4008 episto-'aemuia
1269 3944 1273 3997 ¹.

25 4009 73 4070 lae
92 4010 225 4070 brevitas
246 4029 309 4067 non
323 4010 442 4081 recipit.
787 4070 793 4077 ι
1057 4016 1060 4024 ¹
1236 4042 1238 4047 .

108 4107 136 4159 5.
179 4082 435 4153 AUGUSTllll-US
458 4092 489 4153 in
511 4088 590 4155 Psal,
612 4088 761 4151 xxxlll.
781 4091 920 4152 concion.
939 4105 984 4161 2.
1028 4094 1093 4155 Co-

23 4196 90 4241 ram
110 4196 205 4263 regno
231 4198 307 4262 ergo
327 4180 422 4262 patris
441 4176 636 4241 stu-mutavit
655 4170 773 4244 vultum
791 4197 889 4256 suum,
903 4188 946 4255 ,et
980 4177 1093 4265 dimisit
