2790 4792
241 302 351 379 are'
482 303 561 367 ou
602 293 1064 397 sa-cuaururo

238 487 328 551 dotes
344 490 428 550 enim·
441 502 522 567 snut,
536 503 571 552 tn
583 510 659 553 vero
677 488 815 549 minister
832 481 1044 552 sacerdotum
1065 477 1114 544 illi
1141 483 1228 567 enim
1238 478 1313 570 bap-
1339 474 1349 537 i

237 576 339 651 tizant,
362 570 568 635 sacerdotium
594 586 706 658 agunt,
751 571 915 653 ordinant,
935 589 1043 643 manus
1062 568 1263 711 imponunt:
1281 584 1311 631 tn

238 677 312 717 vero
342 660 388 718 eis
410 658 572 735 ministras,
597 662 678 720 sicut
698 668 820 717 sanctus
842 653 1012 739 Stephanus
1040 652 1120 731 laco
1148 673 1169 713 o
1203 666 1234 714 et
1249 675 1308 716 cae-
1355 732 1357 737 Ι

239 745 313 803 teris
335 741 522 823 presbyteris
545 744 576 801 in
599 738 826 817 Hierosolymis.

324 832 353 891 a.
397 822 725 889 CHRYSOSTOMUS
739 824 775 887 L.
787 824 844 885 11t
866 820 904 883 de
920 818 1108 899 sacerdotio,
1126 835 1166 882 ut
1183 822 1311 900 inferius,
1350 824 1357 871 i

243 918 358 991 quaest
385 922 414 976 5.
435 911 471 969 A.
496 922 524 977 1.
1115 920 1119 925 ’

327 1002 357 1059 5.
400 988 505 1053 ITEM
526 992 559 1053 L.
580 993 636 1055 VI.
661 991 699 1051 de
716 988 916 1052 sacerdotio:
957 987 1059 1063 Eum„
1073 991 1133 1072 qni
1158 1013 1222 1073 pro
1251 992 1314 1051 ciri·

66 1071 235 1163 ξῃῇξξζξξζῃζο
245 1086 307 1138 tate
328 1087 403 1152 tota,
427 1077 503 1161 quid
525 1075 595 1137 dico
621 1074 761 1136 civitate?
783 1077 873 1133 immo
894 1093 967 1133 vero
994 1096 1056 1155 pro
1087 1076 1241 1135 universo
1263 1089 1314 1136 ter-
1354 1140 1357 1147 ,

68 1173 347 1225 revestirent-rarum
366 1160 442 1220 orbe
470 1160 584 1244 legatus
604 1159 776 1234 intercedit,
799 1159 1041 1240 deprecatorque
1076 1170 1127 1219 est
1154 1158 1243 1241 apud
1263 1161 1314 1218 De·

244 1266 308 1320 um,
336 1256 372 1304 ut
393 1244 552 1304 bominum
573 1245 718 1319 omnium,
740 1264 801 1303 non
823 1243 986 1301 viventium
1007 1240 1124 1317 modo,
1152 1244 1210 1304 sed
1241 1247 1317 1303 etiam

244 1341 436 1389 mortuorum
470 1330 579 1388 eccatis
592 1330 748 1411 propitius
763 1325 833 1387 fiat:
859 1325 979 1407 qualem
1010 1346 1131 1406 quaeso
1148 1349 1318 1409 esseopor·

244 1411 311 1473 tet?
334 1424 391 1489 etc.
436 1352 539 1489 {uum
560 1424 659 1472 autem
682 1412 734 1471 ille
769 1410 799 1470 et
829 1406 985 1493 Spiritum
999 1422 1141 1469 sanctum
1164 1413 1318 1473 invocave-

245 1500 296 1572 rit,
316 1484 561 1579 sacrificiumque
585 1496 661 1556 illud
693 1495 826 1567 horrore
855 1515 890 1553 ac
917 1495 1088 1553 reverentia
1117 1494 1319 1578 plenissimum

244 1576 421 1664 perfecerit,
444 1586 596 1641 communi
622 1582 757 1641 omnium
775 1579 909 1638 Domino
936 1577 1075 1637 munibus
1106 1580 1232 1639 assidue
1255 1601 1320 1663 per·

245 1676 395 1726 tractato:
420 1688 535 1747 quaero
556 1687 590 1724 ex
608 1677 648 1741 te,
671 1677 768 1747 quoto
786 1662 871 1723 illum
895 1664 925 1719 iu
945 1661 1056 1721 ordine
1078 1660 1317 1723 collocabimus?
1355 1710 1357 1723 .

71 1755 213 1843 saerptetpm
248 1762 390 1830 ‹prantam
412 1762 514 1809 autem
536 1749 574 1809 ab
594 1771 630 1808 eo
648 1750 849 1832 integritatem
872 1746 1043 1826 erigemus?
1077 1761 1225 1827 qtmntam
1252 1747 1320 1807 reli·
1355 1816 1357 1827 Ι

71 1817 393 1917 :lifaffligionemt
416 1834 577 1893 considera
596 1835 685 1908 cnim,
712 1832 815 1915 quales
840 1851 946 1890 manus
973 1828 1041 1888 illas
1073 1830 1319 1897 administrantes

72 1905 197 1943 nomint.
248 1935 312 1974 esse
331 1928 491 1997 oporteat:
523 1916 644 1996 qualem
682 1916 837 1999 linguam,
863 1935 941 1995 quac
961 1912 1132 1983 verbailla
1166 1914 1319 1973 effundat:

248 2018 310 2078 qua
333 1997 466 2077 denique
499 2019 532 2057 re
557 2019 618 2057 non
641 2001 798 2080 puriorem
822 2001 1044 2058 sanctioremve
1074 2019 1135 2056 esse
1157 2000 1321 2065 conveniat,

247 2082 387 2156 animam,
410 2101 489 2162 quae
509 2092 627 2140 tantum
651 2080 747 2156 illum,
768 2094 891 2161 tamque
919 2081 1043 2162 dignum
1064 2081 1200 2161 spiritum
1224 2099 1315 2137 rece·

247 2165 336 2248 perit.
379 2162 440 2225 Per
463 2164 495 2224 id
517 2177 638 2246 tempus
659 2177 690 2224 et
702 2164 799 2248 angeli
813 2164 964 2225 sacerdoti
988 2163 1120 2238 assident,
1140 2175 1170 2222 ct
1194 2160 1309 2221 caeles-

246 2251 326 2310 tium
343 2260 529 2333 potcstatum
550 2252 709 2316 universus
732 2250 810 2308 ordo
840 2248 985 2313 clamores
1012 2250 1141 2323 excitat,
1175 2258 1206 2307 et
1225 2245 1317 2307 locus

232 2330 339 2395 ‘altari
358 2335 476 2411 vicinus
507 2337 537 2395 in
563 2333 644 2415 illius
668 2331 829 2410 bonorem,
854 2335 908 2414 qui
932 2334 1124 2406 immolatur,
1146 2324 1318 2415 angelorum

250 2417 353 2479 choris
377 2404 485 2501 plenus
518 2430 571 2479 est.
614 2417 651 2478 Id
684 2412 774 2500 quod
798 2416 923 2478 credere
947 2415 1074 2477 abunde
1098 2415 1190 2490 licet,
1218 2412 1267 2475 vel
1288 2434 1312 2473 er

249 2510 337 2562 tanto
367 2502 422 2561 illo
451 2501 613 2578 sacrificio,
640 2502 727 2585 quod
757 2513 821 2562 tum
844 2501 1021 2585 peragitur,
1045 2514 1104 2561 etc
1129 2514 1164 2561 ut
1186 2500 1311 2587 superius

249 2590 431 2668 quaestione
451 2591 576 2668 septima
594 2585 856 2662 deEucbaristia,
883 2586 907 2645 C
934 2592 963 2647 ὅ.
1153 2630 1156 2635 -

241 2697 245 2703 ·
334 2681 363 2737 4.
406 2670 514 2729 IDEM
541 2664 873 2755 homilia'sexagesima
909 2668 947 2728 ad
979 2666 1142 2751 populum
1165 2665 1318 2728 Antioche·

250 2772 341 2830 num,
365 2766 395 2813 ct
408 2757 590 2835 octogesima
606 2756 695 2814 tertia
718 2757 758 2813 iu«
771 2755 971 2815 Matthaeum:
993 2751 1063 2823 Non
1086 2766 1163 2813 sunt
1185 2752 1319 2813 humanae

76 2851 217 2912 sacerdotri
234 2838 373 2912 ⁸virtutis
391 2857 484 2918 opera
511 2841 693 2920 proposita:
726 2841 781 2920 qui
806 2852 880 2898 tunc
905 2841 968 2918 ipsa
988 2836 1064 2895 fecit
1097 2839 1130 2896 in
1154 2836 1206 2896 illa
1228 2855 1317 2908 coena,

76 2906 242 2993 ἓξξξῖζζὲἱῖξῗ
254 2920 334 2981 idem
355 2942 389 2980 ea
412 2941 492 2979 nunc
512 2942 637 3002 quoque
665 2922 749 2995 lacit.
784 2922 848 2981 Nos
878 2921 1086 2979 ministrorum
1122 2934 1261 2981 tenemus
1280 2918 1320 2978 lo·

78 3002 115 3041 ¹¹¹⁸
132 3008 155 3060 ‘3‘
173 3014 233 3089 535¹·
255 3025 340 3065 cumr
370 3011 424 3086 qui
451 3025 524 3066 vero
549 3004 717 3067 sanctificat
750 3027 784 3067 ea
803 3019 835 3065 et
861 3009 1009 3078 immutat,
1031 3004 1098 3085 ipse
1124 3019 1182 3070 est.
1224 3002 1318 3066 Nullus

78 3061 101 3089 m
103 3062 183 3089 nnnnnn

76 3099 245 3199 fprpqtaqrmppa
255 3091 360 3169 itaque
379 3089 472 3148 ludas
501 3092 628 3166 assistat,
655 3090 757 3149 nullus
780 3111 897 3165 avarus,
922 3099 976 3148 etc.
1020 3087 1104 3147 Haec
1131 3088 1173 3149 ad
1196 3109 1320 3151 commu·

76 3185 388 3238 omni·1meau.nrcantes
407 3172 495 3247 dico,
524 3186 554 3233 et
574 3174 614 3233 ad
635 3195 689 3234 vos
710 3177 920 3234 ministrantes.
962 3171 1039 3231 Nam
1067 3184 1098 3231 et
1123 3175 1242 3234 advos
1268 3193 1320 3232 ser·

77 3250 156 3286 '⁸⁰⁸¹‘
253 3277 373 3315 monem
394 3269 567 3317 convertere
580 3261 781 3318 necessarium
803 3270 857 3333 est,
878 3270 914 3316 ut
933 3254 1028 3315 multo
1045 3277 1117 3315 cum
1139 3260 1246 3319 studio
1260 3256 1321 3317 baec

254 3339 334 3398 dona
356 3340 554 3403 distribuatis.
598 3344 640 3403 Et
659 3342 752 3424 paulo
772 3353 857 3426 post:
893 3340 1009 3402 Verum
1029 3352 1059 3400 et
1079 3353 1117 3399 tu
1143 3342 1222 3403 laice
1241 3346 1320 3423 (quae

254 3425 344 3483 etiam
378 3421 470 3483 babet
502 3425 628 3487 homilia
657 3427 908 3509 quinquagesima
943 3421 1040 3506 prima¹
1065 3425 1096 3482 in
1129 3427 1320 3499 Matthaeum)

79 3511 219 3554 ⁸³001‘10t0t
255 3528 323 3568 cum
345 3507 530 3569 sacerdotem
557 3511 668 3570 rideris
693 3508 889 3584 offerentem,
920 3530 957 3567 ne
983 3520 1019 3567 ut
1045 3511 1248 3572 sacerdotem
1270 3528 1320 3570 esse

80 3561 243 3604 offerunttan.
498 3594 504 3606 .
792 3598 798 3609 .
832 3596 838 3608 .
1006 3595 1013 3606 .
1058 3594 1091 3607 ··
1122 3596 1156 3609 ..

79 3621 147 3660 quam
167 3606 342 3673 menieputes
364 3592 425 3652 hoc
448 3593 627 3669 facientem,
650 3595 704 3654 sed
726 3594 840 3653 Christi
862 3613 982 3652 manum
1005 3592 1210 3656 invisibiliter
1232 3608 1319 3657 exten-

78 3664 326 3753 {}'‡;„,²,²„b2,¹}jsam.
370 3676 458 3737 Sicut
478 3679 557 3736 enim
579 3699 646 3736 cum
666 3679 843 3762 baptizaris,
866 3679 929 3759 ipsc
952 3688 983 3736 te
1005 3698 1068 3735 non
1108 3676 1261 3763 baptizat,
1277 3672 1317 3738 ted

77 3756 156 3801 ntrna.
254 3760 338 3820 Deus
370 3772 432 3836 est,
464 3762 519 3843 qui
551 3774 637 3822 tuum
668 3775 763 3845 eaput
789 3761 932 3821 invisibili
954 3763 1094 3842 potentia
1117 3768 1313 3826 continetret

253 3863 309 3904 nec
332 3844 466 3929 angelus,
494 3865 551 3905 nee
572 3846 794 3931 archangelus,
827 3867 883 3906 ncc
912 3845 992 3907 nllus
1019 3844 1098 3904 alius
1129 3846 1274 3911 accedere
1291 3850 1324 3925 et.

252 3939 375 4010 tangere
399 3930 510 3989 audet:
532 3933 573 3990 ita
593 3953 674 3991 nunc
699 3951 835 4013 quoque,
854 3952 922 3990 cum
943 3930 1027 3989 Deus
1040 3948 1220 4012 regenerat,
1243 3928 1321 4019 iptlfl⁸

81 4019 168 4064 carior
192 4039 243 4070 eor.
256 4022 300 4069 est
320 4011 413 4073 solius
436 4012 560 4073 donum.

79 4080 122 4171 ill
137 4084 229 4168 :2321
337 4108 367 4161 5.
413 4097 681 4158 HIERONYMUS
703 4097 734 4156 in
752 4094 880 4179 epistola
903 4097 1001 4177 prima
1030 4095 1069 4156 ad
1099 4097 1325 4163 Heliodorum:

77 4173 128 4212 ω·
250 4173 357 4252 Absit,
372 4192 406 4239 ut
427 4178 466 4240 de
485 4180 533 4240 his
557 4183 727 4264 quidquam
742 4182 898 4240 sinistrum
911 4179 1044 4259 loquar:
1067 4184 1122 4263 qui
1144 4184 1326 4270 Apostolico

249 4259 357 4344 gradui
381 4264 602 4349 succedentes,
635 4260 749 4327 tuenti
777 4282 893 4346 corpus
932 4282 1020 4326 sacro
1049 4285 1106 4327 ore
1146 4269 1324 4345 confluunt
