2782 4786
281 352 363 439 uo
537 345 1121 411 nusacaauunro

284 534 365 601 veris
384 544 731 618 superterram,erunt
745 532 836 615 ligata
855 543 886 593 et
902 533 934 592 in
958 531 1052 593 caelo.
1095 531 1184 614 Regi
1203 550 1264 609 ea,
1297 556 1352 617 qne

286 617 339 680 bic
356 631 443 694 sunt,
465 620 625 678 commissa
640 630 740 692 sunt,
762 616 837 675 mihi
859 618 1023 677 caelestia:
1050 614 1134 676 milri
1164 637 1275 697 quum
1293 621 1352 700 dico,

115 723 215 775 Propter
231 703 473 773 rna-sacerdotem
496 701 645 785 intelligo¹
662 746 665 752 .
683 703 803 780 dtaque
823 723 892 760 cum
908 703 1021 761 videris
1047 700 1262 762 sacerdotem
1279 705 1350 790 indig.

112 772 155 861 li'.
173 768 377 865 iffffiiinum,
405 808 445 847 oe
462 788 604 847 traducas
620 786 833 845 sacerdotium.
875 786 944 846 Nou
962 787 1206 867 enim.'oportet
1235 787 1351 852 damme

113 866 352 948 md¹²⁰⁰¹¹‘¹¹¹¹¹¹res,
375 871 428 932 sed
450 893 535 947 eum,
560 873 667 951 quire
690 870 773 929 bona
795 869 871 929 male
893 875 1000 929 utitur.
1044 871 1356 952 Quandoquidem

113 915 279 966 mordetium·

287 957 382 1021 ludas
398 957 545 1039 proditor
565 956 640 1031 fuit,
662 975 766 1012 rerum
788 976 851 1014 non
872 955 914 1014 ob
936 955 968 1013 id
990 967 1163 1015 accusatur
1188 957 1280 1017 ord‘o
1298 959 1357 1042 Aps

288 1042 416 1107 stolicus
428 1084 445 1117 ,-
460 1041 513 1099 sed
536 1039 618 1099 illins
640 1041 779 1112 animus:
804 1060 861 1098 nec
882 1041 995 1098 crimen
1017 1051 1064 1098 est
1086 1041 1292 1118 sacerdotii,
1321 1043 1357 1104 sel

288 1127 399 1188 malum
421 1126 521 1184 animi.
563 1125 606 1184 Et
629 1128 666 1184 tu'
686 1124 798 1207 igitur,
821 1145 858 1181 ne
880 1124 1089 1183 sacerdotium
1114 1126 1305 1207 vituperes,
1322 1128 1358 1187 ssd

288 1211 478 1272 sacerdotem
513 1209 592 1269 male
625 1229 659 1268 re
694 1206 774 1267 bona
796 1219 937 1267 utentem.
981 1208 1022 1266 Et
1042 1209 1146 1289 paulo
1171 1223 1271 1292 post:
1303 1212 1358 1296 ch'

289 1314 419 1379 corpora
450 1295 608 1354 commissa
637 1303 730 1369 sunt,
764 1292 917 1352 sacerdoti
951 1295 1077 1351 animae.
1132 1295 1205 1353 Rex
1242 1295 1359 1357 macula

289 1399 455 1462 corporum
499 1378 649 1453 remittit,
683 1377 824 1437 sacerdos
858 1387 957 1435 autem
988 1376 1125 1436 maculas
1160 1392 1359 1460 peccatorum

245 1494 249 1501 ·
287 1464 346 1524 Ille
381 1464 480 1546 cogit,
515 1460 568 1522 bic
598 1459 785 1522 exhortatur.
837 1460 894 1518 Ille
916 1463 1117 1537 necessitate,
1154 1462 1211 1522 bic
1238 1464 1359 1525 consilia

131 2050 265 2095 sacerdotii

114 2105 260 2161 principatus

112 2163 274 2254 diligiti?
292 2206 376 2262 ram,
411 2206 509 2266 neque
538 2186 697 2262 diadema,
731 2207 830 2267 neque
861 2201 957 2247 vestes
978 2206 1096 2256 aureas3
1129 2187 1265 2251 umbrae
1287 2200 1352 2250 suut

112 2251 170 2292 tior,

118 2307 140 2346 1-
155 2301 214 2342 Petra
227 2305 256 2349 ι,

115 2353 158 2400 24·

288 1547 346 1609 Ille
368 1545 462 1607 babet
480 1567 562 1606 arma
584 1544 760 1622 sensibilia,
782 1545 835 1603 bic
856 1566 938 1604 arma
959 1545 1122 1626 spiritalia.
1176 1547 1240 1606 llle
1261 1547 1361 1609 bellur

290 1633 366 1715 gerit
395 1652 462 1691 enm
492 1630 654 1706 barbaris,
686 1629 758 1688 mibi
788 1628 902 1687 bellum
936 1640 980 1687 est
1007 1630 1163 1690 adversus
1196 1632 1359 1694 daemones

287 1717 392 1796 Major
424 1714 476 1774 hic
496 1717 706 1798 principatus,
736 1727 901 1796 propterea
930 1734 983 1772 rex
1003 1728 1098 1796 caput
1123 1714 1289 1777 submittit
1308 1739 1360 1778 ma·

290 1803 346 1859 nui
365 1799 547 1862 sacerdotisz
578 1812 610 1860 et
629 1798 745 1880 ubique
767 1801 799 1856 in
820 1799 915 1858 veteri
937 1801 1091 1881 scriptura
1112 1801 1303 1864 sacerdotes
1322 1803 1360 1863 iu·

288 1883 447 1965 ungebant
472 1890 573 1966 reges'

373 2030 405 2085 4.
446 2000 502 2089 ΕΤ
519 2017 603 2079 hom.
634 2002 685 2085 522
720 2017 932 2079 Sacerdotium
965 2020 1157 2101 principatus
1194 2034 1262 2098 est,
1298 2025 1358 2107 ipso

293 2100 381 2161 etiam
401 2121 496 2184 regno
518 2100 722 2163 venerabilius
743 2124 779 2160 ac
799 2105 908 2183 majus.
950 2101 996 2163 Ne
1015 2101 1085 2165 milri
1102 2123 1215 2164 narres
1232 2128 1355 2190 purpu-

292 2269 407 2331 isthaec
439 2279 555 2346 omnia,
597 2273 760 2351 vernisque
793 2269 925 2331 flosculis
960 2271 1082 2332 leviora.
1139 2272 1245 2335 Omnis
1264 2275 1340 2345 enim,

292 2355 414 2437 inquit,
445 2354 540 2438 gloria
572 2353 630 2415 llos
653 2357 812 2439 graminis,
843 2357 930 2415 etiam
953 2357 979 2416 si
1000 2359 1096 2437 ipsam
1116 2355 1233 2439 gloriam
1254 2373 1345 2435 rega·

290 2439 350 2501 lem
370 2440 490 2500 dixeris.
531 2438 595 2518 Ne,
616 2442 761 2521 inquam,
782 2439 855 2499 mihi
877 2461 980 2500 narres
1002 2442 1082 2518 ista,
1115 2438 1167 2500 sed
1184 2440 1211 2499 si
1232 2438 1280 2497 ris
1300 2438 1348 2496 ri-

292 2523 364 2586 dere
391 2524 577 2601 discrimen,
614 2538 760 2606 quantum
789 2526 868 2584 absit
895 2546 948 2590 rex
980 2523 1193 2599 asacerdnte,
1213 2520 1347 2604 expende

289 2609 414 2672 modum
471 2611 609 2668 otestatis
638 2610 762 2689 utrique
795 2609 933 2668 traditae.
995 2607 1130 2670 Videbis
1167 2607 1346 2675 sacerdotem

287 2692 386 2750 multo
410 2630 571 2750 sublimius
590 2713 659 2774 rege
680 2693 842 2765 sedentem.
887 2694 1082 2775 Quamquam
1103 2695 1186 2752 enim
1198 2689 1346 2753 nobisad·

286 2776 441 2847 mirandus
464 2775 583 2834 videtur
604 2775 735 2851 thronus
756 2779 857 2859 regius
880 2777 921 2837 nb
947 2799 1078 2860 gemmas
1100 2777 1220 2854 affixas,
1252 2786 1282 2835 et
1298 2795 1345 2834 au·

286 2877 355 2916 rum
367 2902 376 2932 ,
399 2877 461 2938 quo
485 2857 645 2918 nbcinctus
667 2872 730 2919 est:
753 2872 853 2920 tamen
877 2882 981 2935 rerum
1001 2874 1198 2922 terrenarum
1227 2859 1343 2922 admini-

284 2943 463 3003 strationem
489 2944 616 3002 sortitus
643 2959 706 3018 est,
738 2967 794 3004 nec
830 2944 910 3005 ultra
931 2957 1112 3028 potestatem
1136 2945 1217 3007 hauc
1260 2955 1344 3005 raeto-

253 3046 337 3089 xrea
359 3026 525 3107 quidquam
550 3026 860 3107 haberauctqritatisl
903 3031 1019 3090 Verum
1041 3031 1202 3091 sacerdoti
1263 3047 1365 3090 renus.

110 3222 177 3267 ura.
189 3225 263 3272 tutu

282 3112 315 3170 in
339 3110 429 3185 caelis
452 3111 621 3171 collocatus
649 3125 713 3190 est,
744 3128 773 3173 et
795 3115 832 3173 de
854 3113 1033 3174 caelestibus
1056 3117 1192 3196 negotiis
1215 3135 1341 3198 pronun·

267 3182 378 3263 ,tiaridi
398 3193 494 3267 babet
514 3198 733 3258 auctoritatem.
779 3200 855 3274 Quis
872 3196 948 3258 haee
969 3198 1065 3258 dicit?
1107 3199 1183 3280 Ipse
1203 3198 1341 3260 caelorum

271 3300 354 3343 rex:
389 3280 597 3361 Quaecunque
630 3281 793 3365 ligaveritis
827 3294 1068 3364 superterram,
1091 3296 1188 3344 erunt
1212 3283 1341 3367 ligataet

284 3366 316 3425 iu
338 3364 452 3435 caelis:
474 3376 505 3423 et
527 3385 725 3446 quaecunque
746 3366 898 3426 solveritis
916 3379 1159 3448 superterram,
1196 3379 1341 3428 eruutso·

281 3448 347 3509 luta
370 3449 468 3513 etin
492 3449 588 3508 caelis.
647 3451 731 3525 Quid
754 3473 822 3509 cum
837 3449 1203 3531 horbauorqconferri
1232 3447 1339 3536 possiti

281 3534 308 3593 A
338 3545 420 3592 terra
443 3531 609 3617 ,judicandi
636 3537 832 3617 principalem
863 3537 1074 3607 anctoritatem
1106 3538 1207 3599 sumit
1229 3535 1338 3598 caelum·

280 3617 356 3676 Nam
389 3615 483 3696 juder
516 3616 600 3675 sedet
622 3618 655 3677 in
677 3633 767 3679 term.
810 3620 960 3679 Dominus
982 3622 1123 3700 sequitur
1144 3627 1340 3686 servumret

260 3699 434 3781 ·quidquid
455 3699 505 3759 hic
527 3703 558 3759 in
582 3701 780 3775 inferioribus
801 3703 970 3783 judicarit,
996 3702 1057 3763 hoe
1078 3703 1130 3764 ille
1153 3706 1188 3764 in
1213 3696 1335 3790 superuis
1387 3712 1389 3723 '

280 3783 473 3864 comprobat.
515 3783 624 3867 Itaque
643 3789 759 3847 medius
780 3801 839 3847 stat
859 3787 1001 3848 sacerdos
1023 3790 1102 3848 inter
1123 3789 1236 3850 Deum
1257 3803 1332 3851 etna-

278 3881 383 3932 turam
402 3868 580 3946 humanam,
607 3868 690 3930 illinc
710 3875 858 3932 venientia
879 3869 1026 3932 beneficia
1051 3871 1091 3931 ad
1111 3892 1171 3943 nos¹
1199 3874 1337 3942 deseres

280 3967 311 4017 et
347 3966 463 4024 nostras
482 3954 655 4036 ,petitiones
686 3955 758 4029 illuc
779 3955 950 4036 perferens,
972 3958 1142 4033 Dominum
1158 3958 1285 4027 ¹iratum
1300 3974 1341 4015 rt·

279 4039 445 4099 conciliaus
466 4041 588 4120 utrique
611 4050 758 4112 naturae,
781 4061 845 4117 nos,
865 4043 918 4121 qui
938 4040 1141 4117 offendimus,
1163 4045 1300 4128 eripiens
1313 4056 1344 4098 ex

278 4117 362 4193 illius
384 4121 532 4183 manibus.
574 4123 684 4203 quue
701 4125 785 4199 Deus
810 4127 908 4207 ipsum
937 4125 1038 4208 regale
1059 4124 1345 4206 caputsacerdotis

159 4222 164 4231 ·
259 4202 419 4302 urrais
436 4191 968 4309 adieet22nosr.eaadmsa.‚qtsd
980 4208 1275 4307 resparserunt.
1295 4207 1343 4270 1¹¹⁰
