2790 4792
255 346 333 421 us
492 338 1134 448 nasscnsunnro

335 542 365 599 u
405 526 697 593 TRIDENTINUM
727 545 799 588 sess.
818 541 868 599 24.
902 552 967 592 ean.
994 544 1039 599 με
1089 527 1128 590 Si
1152 533 1233 612 quis
1251 535 1325 600 dire-

254 614 310 689 rit,
339 615 560 674 matrimonium
601 632 665 671 non
693 630 757 673 esse
776 632 848 674 vere
883 628 918 676 et'
928 618 1060 698 proprie
1087 636 1197 676 unum
1218 640 1244 678 er
1260 643 1321 705 sep-

251 709 313 756 tem
334 698 407 782 legis
428 697 617 780 evangelicae
638 699 834 757 sacramentis
858 718 876 758 a
897 701 1018 760 Christo
1040 699 1194 763 Domino
1222 704 1315 765 institu-

80 819 176 863 .,‚„„
196 816 228 856 ὴ,
251 793 337 858 tum,
365 783 419 844 sed
452 781 491 841 ab
521 780 697 841 hominibus
726 782 758 840 in
791 781 818 861 “)
841 782 978 847 Ecclesia
996 784 1187 865 inventum,
1233 809 1315 873 neque

81 868 210 960 fflffifl
253 869 380 952 gratiam
401 863 561 941 conferre,
584 864 743 925 anathema
764 866 814 926 sit.

105 996 108 1001 ,
149 1026 152 1033 Ι
198 943 205 957 ’
338 965 366 1019 1.
389 952 421 1011 B.
464 948 697 1011 AMBROSIUS
730 949 768 1010 de
801 951 993 1012 institutione
1032 951 1170 1035 virginis
1204 973 1269 1041 cap.
1287 971 1322 1026 oa

251 1036 328 1096 Cum
358 1038 496 1096 initiatur
524 1036 725 1118 conjugium,
758 1047 833 1095 tnnc
861 1036 1000 1119 conjugii
1021 1040 1144 1097 nomen
1166 1045 1321 1103 asciscitur.

249 1119 319 1182 Non
336 1123 413 1183 enim
434 1118 595 1182 defloratio
616 1120 799 1203 virginitatis
822 1120 897 1180 facit
918 1121 1133 1204 eonjugium,
1156 1126 1215 1186 sed
1235 1131 1321 1211 pactio

250 1206 432 1288 conjugalis.
475 1206 617 1285 Denique
649 1225 720 1263 cum
756 1205 899 1287 jungitur
918 1203 1043 1288 puella,
1066 1209 1258 1294 conjugium
1277 1223 1321 1290 est,

249 1310 318 1350 non.
336 1312 406 1350 cum
425 1288 508 1349 virili
533 1289 717 1353 admixtione
738 1291 945 1373 cognoscitur.

76 1407 158 1451 riano
173 1419 227 1448 aon.
336 1389 364 1441 2.
407 1373 610 1436 CALIXTUS
631 1377 748 1456 primus
770 1375 844 1455 epis.
866 1386 896 1442 2.
912 1391 979 1454 cap.
1001 1385 1054 1440 aa
1077 1373 1321 1458 Gonjnnctiones

78 1458 229 1519 l⁰⁸t¹³⁸f³⁰l⁸
251 1462 549 1542 consanguineorum
569 1456 639 1519 fieri
672 1457 901 1539 prohibentur,
921 1458 1050 1538 quando
1071 1456 1131 1521 has
1154 1474 1185 1524 et
1207 1465 1318 1525 divinae

79 1520 218 1608 ‘bilbili
253 1555 283 1604 et
303 1544 414 1604 saeculi
435 1542 605 1627 prohibent
624 1541 715 1625 leges.
758 1543 852 1626 Leges
873 1562 947 1624 ergo
970 1541 1095 1604 divinae
1116 1545 1179 1607 hoc
1200 1562 1321 1631 agentes,

77 1606 210 1706 lihillem
253 1640 283 1687 et
318 1649 389 1702 cos,
423 1630 478 1709 qni
508 1649 542 1687 ex
571 1630 614 1688 eis
635 1627 807 1712 prodeunt,
840 1647 903 1685 non
925 1624 1028 1686 solum
1051 1630 1202 1709 ejiciunt,
1223 1634 1321 1695 sedet

58 1705 236 1795 mmm*
251 1710 431 1773 maledictos
452 1733 490 1795 ap
514 1713 615 1773 ellaut.
657 1712 753 1794 Leges
775 1731 847 1795 ergo
864 1710 997 1786 saeculi,
1029 1713 1160 1776 infames
1181 1716 1255 1778 tales
1271 1740 1321 1778 vo·

251 1810 342 1872 cant,
370 1810 408 1858 et
428 1797 468 1857 ab
490 1734 679 1856 haereditate
699 1795 862 1877 repellunt.
884 1854 885 1859 ,
904 1793 970 1854 Nos
990 1817 1065 1855 vero
1082 1806 1246 1880 sequentes
1266 1823 1320 1884 pa·

250 1891 312 1939 tres
338 1891 485 1955 nostros,
523 1893 554 1940 et
586 1901 694 1940 eornm
719 1881 851 1962 vestigiis
883 1876 1100 1958 inhaerentes,
1123 1884 1248 1945 infamia
1271 1905 1320 1945 eos

250 1973 412 2038 notamus,
445 1975 476 2022 et
497 1963 623 2021 infanies
646 1983 710 2023 esse
732 1984 910 2039 censemus,
937 1966 1013 2044 quia
1034 1966 1172 2026 infamiae
1192 1968 1317 2028 maculis

251 2056 322 2103 sunt
354 2045 497 2126 adspersi.
551 2045 614 2105 Nee
650 2064 703 2107 eos
733 2049 837 2123 viros,
872 2067 929 2106 nec
955 2051 1160 2107 accusationes
1191 2071 1314 2125 eorum,

252 2148 331 2210 quos
353 2128 432 2210 leges
451 2127 566 2189 saeculi
579 2122 748 2209 rejiciunt,
772 2133 928 2212 suscipere
951 2132 1092 2191 debemus.
1125 2131 1201 2205 Quis
1223 2134 1303 2190 enim

252 2211 383 2290 dubitat,
404 2212 483 2297 leges
502 2213 659 2290 humanas,
685 2214 799 2274 rationi
824 2226 854 2274 et
873 2215 1025 2276 honestati
1044 2235 1102 2274 non
1132 2234 1302 2298 repugnan-

249 2309 317 2374 tes,
354 2318 418 2358 esse
450 2298 694 2381 amplectendas,
729 2301 910 2381 praesertim
929 2300 985 2358 ubi
1011 2299 1058 2360 vel
1075 2297 1214 2383 publicae
1234 2319 1305 2358 cou-

248 2383 354 2443 sulunt
384 2382 533 2461 utilitati,
579 2382 641 2444 vel
658 2381 879 2444 ecclesiasticae
922 2384 1079 2469 dignitatis
1109 2386 1314 2444 auctoritatem

249 2467 440 2545 defendunt,
473 2489 508 2528 ac
542 2489 599 2554 pro
626 2467 810 2530 adminiculo
838 2469 988 2547 tuenturl
1033 2469 1095 2529 Eos
1120 2481 1216 2530 autem
1239 2489 1313 2529 con·

247 2554 429 2635 sanguineos
453 2554 582 2614 dicimus
594 2597 606 2631 ,
627 2574 704 2636 quos
726 2553 843 2613 divinae
861 2565 890 2612 et
908 2555 1133 2634 imperatorum
1154 2575 1187 2614 ac
1216 2573 1317 2614 roma-

246 2656 361 2696 norum
389 2648 480 2717 atque
509 2658 692 2720 graecorum
715 2636 796 2721 leges
817 2641 1063 2721 consanguineos
1086 2630 1260 2724 appellant,
1289 2648 1317 2708 et

246 2720 279 2779 in
301 2719 516 2780 haereditatem
538 2723 724 2804 suscipiunt,
756 2742 812 2781 nec
841 2722 991 2804 repellere
1020 2737 1166 2804 possunt.

257 2800 264 2817 ‘
329 2816 358 2870 5.
403 2804 631 2865 CONCILIUM
651 2807 852 2876 Lateranense
877 2827 1019 2889 magnum
1052 2809 1113 2867 sub
1140 2809 1311 2870 Innocentio

246 2888 341 2950 tertio
363 2909 429 2969 cap.
453 2901 524 2955 50.:
560 2888 630 2949 Non
661 2889 753 2950 debet
776 2889 1018 2972 reprehensibile
1041 2893 1204 2973 judicari,
1227 2895 1251 2954 si
1272 2914 1313 2952 se-

247 2971 381 3031 cundum
400 2973 573 3033 varietatem
592 2985 784 3058 temporum,
814 2987 926 3035 statuta
948 2981 1145 3060 quandoque
1166 2981 1311 3038 varientur

244 3055 399 3133 humana,
430 3060 609 3140 pracsertim
648 3078 717 3122 cum
750 3080 861 3141 urgens
894 3061 1083 3136 necessitas,
1120 3061 1170 3122 rel
1202 3062 1307 3122 evidens

243 3141 361 3202 utilitas
396 3140 428 3200 id
462 3145 613 3225 exposcit:
648 3145 793 3225 quoniam
828 3145 892 3227 ipse
923 3144 1006 3203 Deus
1039 3166 1075 3204 ex
1097 3144 1166 3223 his,
1190 3147 1307 3229 quaein

233 3228 337 3284 ‘veteri
360 3237 538 3287 testamento
556 3239 718 3304 statuerat,
741 3229 891 3288 nonnulla
911 3230 1040 3288 mutavit
1061 3231 1093 3288 in
1117 3253 1224 3293 novor
1245 3233 1305 3291 cm

242 3311 337 3392 igitur
364 3310 593 3393 prohibitiones
618 3312 656 3372 de
688 3312 835 3395 conjugio
859 3312 1051 3376 insecundo
1076 3327 1109 3373 et
1132 3319 1230 3376 tertio
1251 3314 1304 3374 affi-

241 3396 343 3452 nitatis
376 3415 482 3478 genere
510 3398 631 3456 minime
653 3395 886 3477 contrahendo,
920 3408 951 3455 et
973 3396 1012 3456 dc
1034 3397 1148 3458 sobole
1177 3411 1304 3483 suscepta

242 3499 276 3538 ex
300 3480 440 3538 secundis
464 3483 600 3562 nuptiis,
620 3482 796 3563 cognationi
828 3482 887 3540 viri
910 3501 973 3540 non
985 3481 1166 3562 copulanda
1194 3485 1304 3568 prioris,

243 3574 273 3623 et
287 3561 492 3637 difficultatem
517 3564 695 3646 frequenter
715 3565 877 3640 inducant,
899 3576 928 3624 ct
954 3566 1123 3645 aliquando
1140 3570 1306 3651 pericnlum
1354 3616 1358 3647 ¹.

241 3649 365 3730 pariant
389 3651 582 3723 animarum,
614 3661 651 3708 ut
675 3662 809 3708 cessante
829 3648 1039 3732 prohibitione
1061 3666 1165 3727 cesset
1186 3655 1304 3728 effeetus,

243 3735 476 3792 constitutiones
495 3753 587 3815 super
608 3731 670 3793 hoc
694 3733 809 3806 editas,
832 3736 909 3793 sacri
944 3733 1177 3817 approbatione
1200 3735 1301 3802 concilii

242 3829 438 3894 revocantes,
465 3818 615 3899 praesenti
641 3821 861 3878 continuone
888 3818 1099 3895 deceruimus,
1122 3834 1161 3882 ut
1181 3827 1230 3886 sic
1247 3841 1304 3884 eon-

95 3936 206 3990 Qffium
243 3903 402 3962 trahentes
419 3902 457 3961 de
476 3916 595 3962 caetero
624 3902 720 3962 libere
745 3903 936 3985 copulentur.
979 3904 1165 3968 Prohibitio
1202 3925 1307 3991 quoque

74 3981 236 4073 ωῐξζᾶξξιξᾶξζ
247 3987 375 4067 copulae
402 3987 590 4070 conjugalis,
631 4001 773 4068 quartum
808 3989 1078 4070 consanguinitatis
1111 4003 1144 4051 et
1166 3993 1310 4053 affinitatis

22 4141 25 4145 .
72 4079 212 4130 stratisue·
247 4070 376 4150 gradum
412 4071 596 4131 decaetero
628 4093 691 4131 non
714 4073 858 4146 excedat,
889 4074 1034 4152 qnoniam
1058 4076 1091 4131 in
1114 4074 1311 4138 ulterioribus

68 4131 416 4241 ἒζζῗῷἷιᾶζῖἷοςιῖιάἰὸυε,
449 4156 512 4232 jam
547 4177 614 4215 non·
644 4168 749 4237 potest
769 4156 884 4236 absque
905 4160 989 4238 gravi
1011 4157 1184 4239 dispendio
1208 4163 1313 4245 hujus·

69 4228 206 4284 ‘⁰⁰¹¹¹⁸“¹¹³·
248 4233 332 4295 modi
359 4234 530 4320 prohibitio
558 4240 741 4324 generaliter
773 4239 937 4302 observari.
987 4243 1224 4319 Quaternarius
1247 4249 1314 4311 enim
