2790 4792
288 359 370 433 254
531 350 615 418 on
664 348 1127 418 sscusuunro

289 539 425 604 officium
442 537 601 624 discipulis
618 538 726 615 dedit,
749 540 863 621 quihus
876 540 936 601 ait:
958 539 1047 618 Quae
1066 537 1225 600 solveritis
1248 539 1284 601 in
1301 553 1360 602 ter·

111 647 341 711 mmmm,
371 626 471 687 soluta
495 636 622 687 suntet
652 626 683 683 in
706 624 799 684 caelo.

372 724 402 779 4.
443 710 552 770 IDEM
585 720 719 770 tractatu
748 721 797 777 t9.
816 710 848 768 in
874 709 980 769 loen:
1013 705 1097 782 Quid
1119 718 1165 767 est
1184 707 1359 789 procedere,

287 796 346 855 nisi
367 793 406 854 ab
429 794 559 856 occultis
575 792 660 854 velut
681 794 817 853 exeundo
841 805 871 853 te
891 790 1105 853 manifestare?
1148 791 1215 850 Sed
1235 805 1275 853 ut
1290 815 1359 853 cou-

288 877 427 954 fitearis,
461 882 545 941 Deus
576 878 650 938 facit
670 900 778 962 magna
799 899 874 938 voce
895 876 1073 950 clamando,
1107 875 1230 955 idest,
1255 898 1358 961 magna

203 1004 206 1009 -
288 967 384 1047 gratia
404 964 563 1027 vocando:
587 963 658 1024 ideo
681 985 749 1023 cum
772 962 970 1047 processisset
996 972 1136 1021 mortuus
1157 960 1267 1022 adhuc
1288 961 1359 1046 liga·

286 1061 353 1125 tus,
391 1048 540 1109 confitens
567 1060 597 1108 et
619 1048 721 1108 adhuc
743 1069 834 1124 reus,
867 1058 901 1105 ut
923 1046 1112 1106 solverentur
1131 1057 1263 1127 peccata
1286 1050 1357 1127 ejus,

109 1187 218 1239 mm
236 1192 267 1237 w
286 1134 431 1193 ministris
461 1134 521 1193 hoc
552 1132 628 1192 dixit
650 1133 818 1192 Dominus:
851 1131 964 1191 Solvite
994 1129 1079 1189 illurn
1098 1140 1128 1188 et
1148 1133 1243 1190 sinite
1266 1131 1356 1191 abire.

79 1294 82 1301 Ι
160 1256 165 1263 -
219 1214 227 1240 ’
269 1214 374 1295 'Quid
393 1231 454 1293 est,
476 1217 586 1279 solvite
610 1229 640 1277 et
663 1219 752 1278 sinite
774 1215 882 1276 abire?
923 1215 1012 1292 Quae
1032 1214 1187 1275 solveritis
1212 1217 1246 1274 in
1267 1229 1355 1293 terra,

285 1301 385 1365 soluta
410 1314 500 1362 erunt
523 1313 553 1362 et
578 1304 609 1360 in
638 1303 734 1362 caelo.
834 1324 837 1329 ¹

368 1399 399 1455 ὅ.
440 1386 608 1448 RURSUM
628 1388 660 1445 in
683 1385 738 1448 lib.
763 1399 813 1452 50.
834 1382 1038 1459 homiliarum,
1060 1381 1165 1443 homil
1189 1396 1262 1450 21.=
1286 1383 1354 1444 Ele·

284 1484 371 1533 vatus
383 1474 590 1548 eat-Lazarus,
614 1473 764 1554 processit
776 1468 906 1546 tumulo,
925 1481 956 1528 et
965 1468 1074 1552 ligatus
1089 1479 1155 1527 erat
1163 1511 1173 1543 ,
1196 1471 1281 1529 sicut
1292 1480 1354 1528 sunt

283 1556 421 1617 homines
454 1559 486 1618 in
513 1556 706 1618 confessione
739 1556 857 1636 peccati
879 1565 1000 1639 agentes
1022 1554 1253 1636 poenitentiam.
1295 1554 1352 1612 Jam

283 1654 502 1725 processerunt
537 1653 678 1702 amorte.
731 1640 807 1700 Nam
837 1660 902 1699 uon
923 1636 1167 1712 confiterentur,
1204 1641 1264 1699 nisi
1285 1658 1352 1720 pro·

284 1726 437 1787 cederent.
479 1728 584 1808 Ipsum
602 1723 766 1802 confiteri,
795 1723 834 1784 ab
857 1722 980 1784 occulto
1003 1731 1032 1781 et
1053 1721 1224 1783 tenebroso
1248 1742 1351 1805 proee-

283 1810 357 1872 dere
379 1822 431 1870 est.
476 1810 537 1869 Sed
559 1809 634 1891 quid
652 1811 806 1869 Dominus
830 1808 983 1867 Ecclesiae
1005 1827 1076 1866 suae
1090 1806 1216 1888 inquit?
1269 1809 1349 1884 Quae

107 1923 223 1973 flam,
233 1928 273 1972 η,
282 1893 437 1954 solveritis
458 1895 489 1953 in
511 1905 612 1970 terra,
645 1893 748 1953 soluta
770 1903 859 1952 eruut
891 1894 922 1950 in
945 1890 1039 1951 caelo.
1081 1889 1224 1953 Proinde
1242 1893 1362 1954 Lazarc'

282 1978 486 2062 procedente,
516 1979 588 2058 quia
621 1978 758 2058 implerit
777 1978 928 2035 Dominus
954 1976 1187 2036 misericordiae
1208 1977 1347 2038 suaebr-

281 2082 371 2140 num,
394 2061 562 2144 perducere
583 2059 623 2120 ad
642 2061 863 2120 confessionem
887 2072 1082 2118 mortuorum
1105 2060 1265 2135 latentem,
1284 2081 1343 2143 pu·

280 2158 411 2225 tentem,
442 2148 505 2228 jam
540 2158 660 2207 caetera
687 2144 793 2228 implet
814 2144 969 2204 Ecclesiae
992 2146 1156 2219 mysteria:
1179 2146 1284 2206 Solvite
1302 2145 1340 2204 il-

280 2228 345 2292 lum
366 2244 397 2293 et
412 2234 499 2292 sinae
523 2230 618 2294 abire.

304 2318 307 2325 '
364 2331 394 2386 6.
424 2314 546 2376 'IDEM
576 2315 764 2401 Augustinus
798 2314 830 2373 in
864 2312 1014 2397 psalmum
1044 2313 1092 2372 CI.
1126 2316 1269 2376 concion.
1297 2328 1344 2381 aa

103 2404 366 2481 sou.11,44.Quid
386 2402 549 2487 prodesset
569 2402 707 2476 Lazaro,
731 2401 804 2482 quia
823 2401 974 2481 processit
992 2399 1029 2457 de
1051 2406 1255 2463 monumemo
1266 2445 1275 2479 ,
1294 2401 1346 2461 nisi

281 2491 453 2550 diceretur:
483 2486 597 2547 Solvite
630 2508 699 2547 eum
722 2499 752 2545 et
775 2483 986 2557 sinite‘abire?
1035 2485 1104 2563 Ipse
1127 2485 1260 2566 quidem
1278 2506 1346 2546 voce

280 2574 317 2635 de
338 2573 478 2656 sepulcro
500 2574 673 2648 suscitavit,
695 2574 759 2653 ipse
780 2569 938 2631 clamando
963 2570 1090 2628 animam
1111 2569 1272 2647 reddidit,
1303 2573 1347 2654 ip-

279 2678 311 2717 se
343 2671 492 2717 terrenam
519 2654 628 2715 molani
660 2667 786 2716 terreno
816 2654 955 2739 sepulcro
990 2653 1163 2735 impositam
1196 2657 1290 2734 vicit,
1321 2667 1347 2715 et

278 2743 430 2825 proces-sit
449 2740 500 2798 ille
521 2742 648 2801 vinctus.
692 2741 761 2800 Non
784 2761 857 2821 ergo
880 2737 1011 2819 pedibus
1031 2741 1190 2820 propriis,
1216 2740 1271 2800 sed
1291 2741 1347 2799 vir-

104 2841 166 2885 1111
187 2841 256 2900 estam
280 2837 345 2885 tute
376 2825 575 2909 producentis
605 2822 641 2884 fit
667 2823 727 2882 hoc
752 2827 783 2884 in
806 2823 900 2882 eorde
923 2823 1117 2905 poenitentis.
1162 2824 1246 2884 Cum
1267 2824 1347 2886 audis

101 2890 432 2994 iiiiii⁰ii¹i¹i¹..homiuem
457 2910 615 2991 poenitere
648 2923 845 2991 peccatorum
865 2929 1016 2985 suorum,
1048 2909 1111 2988 jam
1133 2894 1263 2969 revixit}
1286 2930 1347 2970 cum

99 2988 268 3092 ἦξξξῗὶξίέ
279 2994 366 3056 audis
385 2993 538 3054 hominem
553 2990 729 3053 confitendo
752 2994 889 3074 proferre
905 2995 1129 3069 conscientiam,
1152 2995 1219 3072 jam
1243 2997 1282 3056 de
1302 3016 1346 3055 se-

108 1451 176 1495 qu·
186 1452 225 1498 11,
231 1450 274 1496 4⁴·

277 3079 387 3164 pulcro
409 3081 554 3140 reductus
576 3089 636 3154 est,
660 3080 714 3138 sed
732 3077 873 3161 *nondum
895 3076 1014 3138 solutus
1036 3087 1088 3136 est.
1133 3078 1274 3152 Quando
1286 3080 1346 3141 sol-

277 3164 378 3227 vitur?
420 3165 447 3224 A
470 3164 584 3246 quibus
604 3163 761 3225 solvitur?
804 3163 891 3236 Quae
911 3162 1078 3236 solveritis,
1100 3164 1216 3243 inquit,
1240 3167 1272 3225 in
1285 3177 1345 3225 ter-

276 3271 330 3324 ra,
371 3261 462 3309 erunt
492 3249 593 3308 soluta
623 3260 653 3307 ct
681 3240 720 3308 iu'
740 3247 833 3308 caelo.
877 3248 990 3307 Merito
1014 3268 1069 3328 per
1090 3246 1262 3308 Ecclesiam
1284 3249 1345 3310 dari

275 3333 388 3396 solutio
420 3346 618 3417 peecatorum
650 3346 766 3417 potest,
810 3333 951 3393 suscitari
974 3342 1072 3391 autem
1105 3333 1172 3414 ipse
1209 3344 1344 3394 mestuus

274 3440 336 3479 non
369 3419 425 3478 nisi
452 3420 534 3478 intus
564 3418 712 3481 clamante
732 3419 869 3480 Domino
892 3426 1003 3502 potest.
1051 3416 1133 3478 Haec
1159 3418 1245 3480 enim
1264 3420 1344 3482 Deus

275 3505 401 3567 interius
423 3503 493 3590 agit.

787 3727 833 3804 ll.

330 3914 414 3992 Cur
452 3937 556 4024 opus
586 3924 648 3991 est
675 3902 956 4022 poenitentiae
986 3908 1293 4017 Sacramento?

548 4111 592 4181 A.
643 4083 698 4180 Ut'
719 4108 829 4179 homo
854 4120 943 4202 post
973 4102 1198 4205 baptismum
1224 4104 1347 4205 relap·

103 4262 177 4306 aunt.
193 4223 332 4310 enfin.
355 4260 430 4304 niu.
451 4254 540 4325 sus,
565 4246 603 4304 et
626 4229 797 4305 iuimicus
822 4227 895 4301 Dei
918 4225 1060 4317 factus,
1085 4253 1156 4329 per
1180 4230 1347 4304 hocSa·

102 4161 211 4207 ambros.
239 4161 281 4205 tit.
301 4159 429 4216 dsposuit.

106 4219 160 4259 1.οῑ
184 4210 242 4258 2.Ᾰ
275 4236 281 4248 ·
308 4210 349 4252 lib.
368 4218 388 4257 1.
403 4212 430 4253 d!
