2790 4792
72 284 213 413 534*
567 264 897 382 INDEX

81 517 228 572 Naturam
266 508 374 564 virtuto
392 544 395 553 ι
411 503 628 566 benedictionis
651 502 654 509 '
737 502 820 556 Noen
835 507 901 570 post
918 494 1081 551 dilnvium
1107 516 1177 555 non
1197 503 1280 577 genis·
1341 558 1344 567 ,

119 580 230 638 mutari
637 580 701 642 1147,
773 589 804 625 se
821 572 902 634 lilios,
916 569 991 644 quid
1016 569 1106 624 elain
1126 577 1263 646 praeferat
1279 584 1326 644 335
1344 608 1355 639 ιι

84 656 262 727 Navigantes
301 668 408 724 corpus
443 647 630 706 Dominicum
738 645 860 701 Nomina
879 645 928 716 qui
947 643 1282 720 olimiubaptismoda·

123 744 220 783 eccum
238 729 316 783 ferre
333 727 437 779 solitos
638 727 723 780 212..
772 717 801 770 ri
821 715 934 770 antedi
958 717 1073 771 solita-
1104 754 1108 761 ·
1296 733 1318 784 h

86 803 181 858 Nauta
199 796 301 870 aliquis
321 800 432 851 Baraca
449 793 557 856 dictus,
578 790 629 863 qui
738 790 893 848 Nominum
913 789 1084 860 inscriptio
1103 791 1135 846 in
1153 793 1283 868 baptismo

123 869 376 926 sacrificioilliasae
384 869 493 921 inmari
504 875 633 922 servatus
641 873 704 931 165.
774 862 858 916 solita
876 861 940 914 fieri
962 880 1049 939 quae
1279 896 1281 901 ·
1300 877 1328 930 ῃ,

87 943 261 1003 Nomentani
281 942 317 996 de
335 941 478 996 miraculo
498 940 529 994 in
546 956 630 1011 pree·
702 970 707 987 ι
736 939 804 995 Non
822 952 920 989 omnes
936 934 1136 1005 Christianos,
1156 941 1285 996 sacerdo·
1353 950 1357 961 '

63 1034 74 1057 ο
126 1015 221 1070 sentia
246 1015 439 1070 eucharistiae
468 1013 547 1069 facto
572 1030 635 1067 ten·
773 1020 816 1063 tes
836 1023 897 1062 esse
1290 1024 1331 1076 3⁶7,

125 1086 218 1143 tentia
641 1091 702 1152 151.
736 1085 802 1138 Non
821 1097 920 1134 omnes
951 1097 1065 1153 capere
1085 1083 1195 1138 vcrhum
1216 1085 1282 1152 hoc,

123 1159 162 1216 <10
187 1159 282 1214 hostio
308 1160 476 1228 incruenta,
510 1158 630 1231 ejusque
775 1154 826 1209 sed
852 1153 962 1226 quihus
1000 1153 1110 1209 datum
1138 1167 1186 1222 est,
1206 1161 1280 1230 quid

124 1231 269 1287 ministris
558 1240 702 1296 195.197.
773 1226 996 1299 praeseferat
1072 1256 1084 1271 ·
1281 1239 1333 1298 492,

42 1294 48 1309 ³
88 1304 259 1362 Necessaria
292 1302 414 1361 idoneae
433 1304 631 1360 sacramento-
679 1320 683 1333 ·
739 1302 813 1357 Nota
832 1299 984 1354 Ecclesiae
1003 1304 1193 1373 quoequalis
1277 1313 1330 1372 427.
1361 1338 1364 1345 ·

124 1396 191 1432 rum
209 1377 359 1433 collationi
376 1388 427 1434 aut
444 1374 631 1450 susceptioni,
740 1372 873 1431 Notanda
891 1389 944 1426 seu
969 1375 1122 1430 notabilia
1133 1377 1271 1450 cireahap-

127 1469 204 1524 φωρ
658 1455 703 1508 12,
775 1444 852 1515 tismi
886 1457 1108 1502 sacramentum
1133 1453 1272 1524 praecipu

91 1522 331 1579 Necessariorum
349 1541 409 1580 non
426 1523 554 1580 omnium
566 1521 632 1579 red·
774 1532 849 1592 quae
1293 1529 1323 1587 ll·

128 1595 158 1648 di
177 1614 263 1669 posse
282 1599 427 1654 rationem
655 1600 702 1665 25.
739 1596 870 1650 Novatus
886 1588 1060 1646 haereticus
1077 1609 1116 1648 an
1132 1606 1163 1650 ct
1175 1614 1287 1670 querno-

88 1667 228 1739 Negleeta
247 1688 320 1744 quae
346 1671 399 1726 ubi
422 1668 632 1747 quotupliciter
675 1663 678 1676 ¹
776 1663 814 1719 do
832 1663 1002 1749 baptizatus
1306 1675 1333 1730 st
1369 1658 1373 1705 4

126 1741 232 1797 luenda
640 1745 703 1800 825.
737 1740 867 1795 Novatus
894 1736 972 1789 nulli
995 1738 1175 1808 succedens,
1204 1739 1288 1815 quia

88 1814 205 1868 Nemini
240 1813 401 1869 violentum
434 1813 633 1871 continentiae
774 1828 805 1865 se
820 1810 884 1895 ipso
903 1810 942 1934 {lit
964 1821 1053 1896 ortus
1174 1885 1181 1898 ‚
1274 1819 1340 1905 Atit.

86 1901 281 2010 nglppgpnuan
305 1906 483 2010 {illibatum
506 1957 572 2029 cogi
591 1891 702 2010 imago·
733 1888 1336 2030 ,Niiearil(inlititecliiaritml’tlriinuiriiiisiimdw.
1370 1994 1373 2005 .

131 2023 238 2078 vitum'
331 2065 335 2075 .
634 2033 699 2090 480·
741 2028 905 2082 Novatiana
924 2029 1061 2084 haeresis
1079 2032 1167 2103 qualis
1274 2034 1331 2090 ett-

90 2097 193 2165 Ne1uc
222 2091 376 2169 pauciora,
416 2111 512 2167 neque
543 2094 630 2166 plura
740 2100 976 2163 Novatianorum
984 2100 1260 2175 deposcitcntiahae-

125 2186 212 2242 (Ῑιιαηι
230 2179 339 2242 septem
357 2185 420 2224 esse
440 2180 617 2224 sacramenta
654 2176 700 2238 11.
774 2172 849 2227 resis
869 2175 969 2246 qualis
990 2187 1035 2229 ant
1067 2171 1096 2223 ui
1113 2171 1225 2242 palliata
1267 2176 1327 2229 2218.

88 2244 190 2314 Neque
210 2243 364 2308 carnalem,
384 2261 478 2316 neque
495 2243 629 2314 spiritua·
737 2247 976 2302 Novatianorurn
997 2193 1146 2300 canditatio
1274 2249 1330 2302 tto.
1364 2283 1373 2292 -

123 2315 181 2369 lem
199 2316 379 2372 nativitatem
398 2317 500 2371 iterari
518 2333 603 2390 posse
654 2323 699 2383 88.
736 2317 1275 2390 Novatianoschrismabapticatisnon

86 2390 182 2447 Naxus
200 2391 378 2445 matrimonii
397 2391 491 2464 qualis
570 2428 574 2436 ·
634 2397 698 2457 115.
771 2392 918 2462 praebere
1300 2395 1337 2447 88·

84 2461 196 2518 Nicena
213 2463 338 2532 synodus
356 2464 381 2524 1.
400 2463 472 2537 quid
490 2456 628 2518 Diaconis
650 2479 651 2483 ¹
735 2462 1343 2536 Nubantesquaeeuriuredamnandaedbl.

122 2535 250 2587 vetuerit
637 2545 699 2597 180.
737 2538 872 2599 Nubere,
896 2539 1006 2593 melius
1024 2557 1100 2602 esse,
1129 2556 1210 2611 quam
1222 2537 1280 2601 uri,

86 2606 213 2662 Nicenne
245 2606 353 2676 Synodi
382 2606 418 2661 dc
445 2607 627 2680 quorundam
773 2609 810 2663 ad
826 2628 900 2683 quos
918 2628 1033 2684 quasve
1045 2611 1197 2684 pertineat
1216 2617 1274 2676 hol·
1291 2615 1349 2676 ltfii.

126 2676 315 2734 diaconorum
326 2679 486 2734 temeritate
496 2698 617 2734 censura
653 2688 699 2740 20.
736 2683 854 2739 Nubere
886 2687 1007 2739 cuinam
1043 2686 1162 2758 virgini
1191 2686 1291 2739 Paulus

86 2750 188 2805 Niceni
208 2751 325 2806 concilii
344 2755 366 2806 I.
387 2752 423 2806 dc
441 2754 543 2807 ultimo
562 2770 627 2806 uos·
771 2754 922 2827 permittat
1293 2759 1336 2822 161,

124 2833 172 2876 tro
191 2820 298 2878 visitico
316 2825 458 2879 sententia
572 2846 581 2856 ·
631 2833 698 2886 227.
735 2830 855 2884 Nubere
869 2845 944 2900 quae
962 2828 1095 2883 debeant
1112 2840 1168 2886 aut
1179 2829 1292 2885 nonde·

90 2894 247 2966 Nicephori
267 2897 302 2952 de
327 2898 499 2970 episcopalis
518 2897 628 2972 gratiae
771 2900 861 2954 beant
1082 2930 1086 2938 ·
1296 2906 1334 2965 iil·

70 2997 74 3004 ·
123 2965 202 3022 dono
222 2970 364 3026 sententia
554 2979 616 3030 383.
636 2976 699 3037 881.
736 2972 1082 3046 Nugatores·qui.qnam
1097 2976 1220 3031 ridendi
1257 2979 1334 3033 tnta

86 3038 238 3096 Nicodemi
267 3042 303 3100 do
334 3042 485 3097 nativitate
519 3043 627 3096 carnali
737 3045 1153 3102 NumernsSoeramentorum
1168 3062 1288 3121 quantus
1319 3054 1335 3108 i

121 3117 282 3180 sententia,
320 3116 372 3191 qui
400 3117 437 3170 ab
466 3114 627 3188 Augustino
737 3120 861 3190 Nuptiae
881 3117 1028 3175 secundae
1051 3121 1103 3173 eui
1118 3135 1169 3178 aut
1187 3125 1290 3197 quihus

121 3185 236 3242 laudata
653 3195 699 3258 47,
774 3192 892 3245 illicitae
1071 3236 1077 3241 .
1295 3197 1333 3258 lii·
1370 3202 1373 3210 '

88 3259 202 3314 Nicolai
221 3264 316 3332 Papae
335 3259 430 3317 11..de
448 3262 628 3334 Borangario
737 3264 856 3335 Nysseni
873 3264 909 3316 de
931 3268 1188 3323 transmutatione
1211 3267 1290 3338 panis

122 3335 265 3388 sententia
555 3344 615 3393 152.
636 3341 698 3401 tat·
773 3348 803 3391 ct
820 3338 882 3390 vini
899 3337 928 3388 in
944 3354 1057 3407 eorpus
1075 3352 1109 3396 et
1126 3343 1290 3416 sanguinem

88 3404 225 3461 Ninivitis
268 3423 318 3460 sua
360 3403 433 3479 quid
476 3407 625 3478 profuerit
774 3410 899 3463 Christi,
922 3411 1069 3464 sententia
1290 3415 1335 3474 lto·

121 3480 301 3549 poenitentia
413 3510 414 3513 =
634 3487 696 3539 262.
729 3510 740 3521 =
770 3481 807 3537 do
843 3481 972 3535 mirabili
1007 3487 1155 3556 corporis
1187 3485 1283 3543 Christi

86 3551 150 3606 Nisi
178 3553 215 3607 ab
234 3549 362 3607 Ecclesia
386 3567 446 3604 non
465 3550 625 3617 dissentias,
770 3556 878 3609 virtute
1283 3557 1335 3618 itt·

122 3625 232 3684 frustra
249 3627 280 3682 in
300 3623 462 3689 Christum,
482 3635 511 3680 te
530 3625 628 3681 crede·
772 3628 1009 3681 demortuorum
1031 3625 1064 3682 in
1088 3631 1202 3691 Missae
1222 3629 1274 3687 otii·

118 3713 179 3752 re
633 3705 720 3769 iil-1
771 3701 819 3756 cio
839 3704 1126 3761 commemoratione
1279 3701 1339 3763 idle

675 3878 788 4057 0⁹4.

84 4130 259 4194 Obedientia
287 4135 463 4197 clericorum
492 4128 569 4208 inter
592 4156 623 4194 se
732 4139 849 4196 Oblatio
864 4142 934 4195 novi
951 4143 1118 4199 testamenti
1132 4146 1231 4221 qualis
1292 4147 1341 4203 126.

120 4207 213 4287 qualis
549 4219 613 4280 3941·
633 4220 695 4278 595.
733 4213 1207 4313 OblatioantoChristiadventum
1215 4237 1283 4294 pro·
