2790 4792
377 323 873 395 narnruoutt„
1051 331 1130 411 Μ

10 489 32 545 ll
60 516 141 582 mdo·
158 516 197 583 dp
215 513 411 595 monasterio,
432 531 533 593 neque
547 511 625 570 enim
638 509 705 583 soli,
726 510 864 608 quisunt
882 515 915 576 ln
928 520 1124 597 monasterio,

10 584 33 622 ,a
58 603 236 690 Pepventuri
258 611 328 659 sunt
347 597 385 656 ad
404 617 531 680 reguum
556 593 730 653 caelorum:
766 604 795 653 et
817 596 877 671 1111,
914 622 967 680 qur
992 602 1037 661 rb:
1058 624 1123 664 non

20 651 33 746 l
58 700 154 764 eunt,
177 686 217 746 ad
252 685 347 743 Deum
371 702 432 741 uon
461 680 626 761 pertinent.
676 677 892 760 Respondetur
913 686 956 742 ei:
989 686 1121 747 Sed-illi
1157 686 1265 744 vagus.

10 750 33 835 *ᾗ
57 793 123 833 non
143 779 308 844 voverunt,
332 780 369 828 tu
381 765 510 838 vovisti,
534 774 564 820 et
583 763 856 844 retrorespexisti.
899 763 939 824 Et
957 782 1027 848 post
1042 745 1272 853 pau-'llilll'llm

10 840 33 883 ⁸
58 877 116 915 ca:
153 855 238 930 Quae
257 865 354 912 autem
371 848 504 928 respexit
523 845 562 904 ad
584 844 727 927 nuptias,
765 848 917 928 nunquia
941 849 1040 913 voluit
1060 848 1294 930 nu-llilll‘Slll‘

10 908 33 967 'l
56 939 154 1014 bere,
186 939 356 996 damnatur:
379 932 433 991 scd
460 931 532 1009 quia
552 931 617 1010 jam
636 941 705 990 ante
726 922 906 1007 recesserat',
926 944 956 993 et
980 932 1016 993 fit
1041 955 1118 996 uxor
1128 932 1181 1026 ξιξ
1196 937 1283 986 ¹7='³¹·
1381 926 1389 937 ’

10 1016 33 1054 ³
55 1024 138 1085 Loth
165 1016 351 1105 respiciendo
389 1025 563 1073 retrorsum.
605 1013 677 1073 Non
702 1017 770 1074 sitis
793 1017 895 1099 pigri,
911 1019 964 1097 qui
982 1023 1119 1100 potestis,
1142 1010 1277 1080 adhortatu,

10 1094 168 1189 atquibus
200 1100 441 1188 adspirat-Deus
461 1097 693 1180 apprehendere
715 1099 828 1181 gradus
846 1100 1014 1160 meliores:
1048 1080 1246 1187 qujafflgpven.

10 1180 34 1263 Ρ
54 1212 118 1252 nou
148 1194 204 1251 ista
231 1191 303 1249 ideo
327 1184 505 1264 loquimur,
532 1194 569 1243 ut
598 1202 662 1242 non
677 1185 826 1260 voveatis,
851 1185 905 1244 sed
923 1197 959 1245 ut
985 1190 1120 1248 voveatis

10 1274 31 1311 '³⁵
51 1287 84 1336 et
105 1275 249 1335 reddatis.
292 1271 358 1328 Jam
378 1269 450 1348 quia
469 1268 525 1327 ista
541 1267 757 1344 tractavimus,
782 1268 863 1328 forte
883 1268 1008 1330 volebas
1028 1294 1123 1332 vove-

10 1358 102 1436 51‘0,
136 1371 165 1420 et
193 1352 288 1416 modo
321 1352 451 1410 nou'vis
471 1367 589 1411 vovere.
642 1350 703 1429 Sed
725 1352 803 1432 quid
824 1351 881 1411 tibi
902 1353 1013 1415 dixerit
1031 1356 1122 1416 Psal-
1131 1368 1244 1423 Pul-75.
1257 1383 1296 1426 12.
1384 1426 1387 1439 ,

10 1456 31 1481 ··’
50 1464 139 1518 mus,
184 1437 326 1507 attende:
366 1436 436 1495 Non
456 1434 549 1494 dixit:
571 1435 667 1496 nolite
692 1454 824 1512 vovere,
853 1436 926 1496 sed:
948 1437 1065 1501 Vovete
1091 1455 1121 1503 et

10 1556 12 1561 ·
28 1528 33 1559 ²·
48 1524 178 1589 reddite.
223 1521 309 1596 Quia·
322 1519 454 1579 audisti:
475 1518 624 1596 Reddite,
646 1538 708 1577 non
720 1520 768 1578 vis
784 1520 919 1601 vovere?
949 1522 1035 1606 Ergo
1061 1547 1119 1585 vo·
1129 1541 1233 1585 neddere
1253 1560 1294 1589 vo.

10 1610 122 1671 *vere
137 1606 282 1680 volchas,
309 1616 339 1663 et
362 1620 424 1663 non
441 1602 591 1663 reddere?
633 1603 729 1682 Immo
750 1616 919 1686 utrumque
933 1604 1003 1665 lac:
1022 1598 1246 1692 finumlaill'mssil
1267 1610 1293 1638 ⁶¹

10 1720 13 1727 ·
47 1697 90 1757 sit
126 1713 160 1751 ex
189 1688 379 1770 professione
402 1699 472 1762 tua,
509 1685 593 1745 aliud
614 1695 649 1746 ex
671 1688 830 1768 adjutorio
851 1689 910 1747 Dei
929 1686 1118 1772 perficietur.
1129 1691 1180 1732 1³⁰¹·

17 1777 183 1856 *Adspice
210 1786 298 1847 eum,
326 1774 432 1854 qui-te
458 1770 566 1846 duu't,
598 1782 629 1831 et
649 1782 712 1831 non
730 1773 873 1854 respicies
891 1787 1000 1853 retro,
1029 1778 1120 1839 'unde

45 1875 81 1921 te
102 1859 215 1918 educit.
267 1854 348 1937 Qui¹
366 1867 399 1916 tc
425 1852 526 1930 ducit,
556 1864 624 1915 aute
642 1861 674 1915 te
698 1854 855 1917 ambulat:
886 1858 968 1917 unde
988 1872 1018 1921 te
1041 1862 1120 1921 edu-

45 1946 115 2018 xit,
150 1953 222 2023 post
243 1954 274 2003 te
294 1951 348 2000 ests
381 1932 467 2000 *Ama
493 1939 672 2017 ducentem,
707 1940 737 2001 'et
759 1960 823 2000 non
845 1951 875 2000 te
895 1941 1019 2005 damnat
1031 1957 1116 2006 retro

42 2027 292 2109 respicientem·
335 2052 338 2057 ·
416 2026 419 2031 ’
1148 2054 1268 2108 mm„

64 2146 68 2153 -
133 2121 162 2176 7.
205 2107 314 2167 IDEM
335 2102 464 2164 debono
485 2099 651 2184 viduitatis,
662 2128 729 2192 cap.
756 2120 802 2176 θα
822 2107 959 2170 Proinde
981 2132 1061 2191 quae
1082 2119 1181 2196 seffofff
1200 2116 1292 2166 pron..

45 2212 112 2256 nun
134 2191 305 2266 continent,
327 2188 446 2249 nubant
468 2202 629 2272 antequam
651 2194 868 2252 continentiam
888 2173 1294 2274 profiteantur,uneillal⁰¹¹'

48 2291 208 2358 autequam
229 2274 296 2334 Deo
316 2285 462 2334 voveant:
485 2275 572 2354 quod
593 2276 652 2332 uisi
666 2274 806 2347 reddant,
827 2276 898 2352 jure
921 2275 1113 2336 damnantur.
1125 2253 1271 2299 mmm·

89 2390 92 2397 ·
131 2374 161 2428 tt.
203 2361 258 2420 ET
280 2378 345 2442 cap.
367 2370 412 2424 92:
435 2357 523 2430 Quae
543 2368 645 2437 potest
665 2377 740 2438 ergo
762 2375 880 2435 capere,
903 2360 1021 2439 capiat:
1045 2380 1112 2440 qua:
1295 2429 1298 2434 ¹

46 2465 81 2507 se
100 2466 162 2506 non
186 2441 341 2516 continet,
362 2439 477 2498 nubat:
498 2458 576 2518 quae
598 2457 660 2499 non
683 2439 803 2519 coepit,
827 2435 995 2500 deliberet:
1035 2462 1113 2523 quae
1136 2461 1276 2524 attonsae

87 2545 187 2614 gressa
222 2540 291 2602 est,
324 2532 515 2605 perseveret:
543 2518 627 2579 nulla
661 2521 834 2580 adversario
867 2519 958 2582 detur
981 2528 1113 2605 occasio,
1124 2511 1278 2608 ξξιζῖῗξζξξξζξ

40 2615 127 2681 nulla
149 2613 272 2672 Christo
295 2603 495 2666 subtrahatur
518 2601 646 2666 oblatio}
687 2605 723 2664 In
746 2605 899 2689 conjugali
916 2609 1114 2692 quippevin-

41 2698 121 2761 culo
156 2699 182 2754 si
201 2691 362 2774 pudicitia·
378 2697 596 2763 conservatur,
619 2687 771 2749 damnatio
790 2711 853 2750 non
876 2692 1009 2753 timetur.
1053 2693 1114 2755 Sed

39 2784 82 2845 iu·
99 2778 216 2840 viduali
239 2786 270 2834 et
292 2771 430 2854 virginali
459 2772 669 2850 continentia,
700 2775 875 2836 excellentia
896 2781 1028 2838 muneris
1048 2799 1114 2838 am-

65 2866 156 2926 lioris
178 2861 335 2943 expetitur.
379 2855 449 2930 Qua
469 2857 599 2939 expetita
621 2867 651 2916 et
671 2856 776 2935 electa,
798 2872 829 2920 et
849 2863 913 2919 voti
935 2861 1040 2922 debito
1052 2863 1112 2923 ob·
1147 2879 1265 2926 Poeevoto

10 2888 128 3024 Lea,
162 2945 223 3025 jam
251 2962 315 3002 nou
348 2940 449 3000 solum
477 2960 540 3001 non
564 2960 720 3024 capessere
739 2946 875 3027 nuptias,
898 2946 952 3004 sed
975 2949 1063 3006 etiam
1086 2949 1112 3006 si
1123 2940 1277 3021 'c'fflffim

10 3052 108 3099 mon
149 3026 303 3103 nubatur,
339 3024 458 3085 nubere
490 3023 582 3101 velle,
606 3025 777 3087 damnabile
804 3040 857 3089 est.
900 3028 977 3088 Nam
996 3041 1031 3089 ut
1051 3030 1277 3115 hocssgnertamum

10 3119 269 3181 ‘demonstraret
304 3104 493 3193 Apostolus,
524 3130 586 3169 uon
619 3113 681 3188 ait,
708 3132 778 3171 cnm
796 3113 827 3170 in
847 3111 962 3172 deliciis
980 3116 1111 3197 egerint,
1125 3076 1275 3166 oilm‘lelled
1352 3164 1354 3168 .

10 3204 75 3265 *fin
102 3197 230 3258 Christo
246 3193 391 3255 nubunt:
424 3193 499 3271 sed,
527 3192 642 3253 nubere
662 3195 791 3256 volunt:
812 3195 977 3273 habentes,
1000 3174 1288 3280 inquinllli‘ltllm'

10 3283 289 3355 damnationem,
312 3280 454 3362 quoniam
478 3279 607 3361 primam
628 3277 720 3339 fidem
740 3282 859 3341 irritam
879 3280 1040 3342 feceruut:
1065 3295 1113 3343 et·
1127 3275 1149 3317 ¹·
1162 3273 1287 3321 unm.

10 3371 67 3433 ai
88 3387 155 3428 uon
174 3364 340 3438 nubendo,
362 3365 416 3423 sed
436 3376 536 3423 tamen
557 3362 699 3424 volendo.

10 3512 15 3517 ,
68 3464 72 3469 ·
128 3451 162 3518 9.“
200 3450 305 3509 ΙΤΕΜ
338 3468 404 3530 cap.
442 3460 504 3516 ηε
549 3446 644 3508 Plane
678 3469 742 3508 non
775 3448 978 3510 dubitaverim
1000 3450 1111 3525 dicere,
1130 3468 1265 3530 ¹nataturus

10 3536 149 3682 :lffsus
177 3546 207 3594 et
234 3535 337 3594 ruinas
368 3534 546 3593 acastitate
576 3534 751 3609 sanctiore,
785 3554 864 3615 quae
885 3546 1013 3593 vovetur
1033 3535 1110 3611 Deo,
1122 3521 1288 3609 {iimreilllll'

10 3642 59 3693 ga
85 3620 203 3681 ulteriis
230 3638 300 3678 esse
330 3618 465 3699 pejores.
508 3615 541 3675 si
565 3618 662 3692 enim,
685 3616 772 3697 quod
793 3618 879 3678 nullo
901 3617 996 3678 modo
1019 3617 1113 3677 dubi·
1124 3617 1248 3659 eastitatis.

10 3703 172 3785 &andum
203 3714 269 3773 cst,
303 3703 343 3762 ad
374 3700 569 3760 offensionem
602 3700 717 3761 Christi
739 3705 893 3783 pertinet,
926 3723 995 3760 cum
1018 3723 1114 3762 mem-

10 3788 136 3869 flbrum
170 3788 237 3867 ejus
258 3784 351 3846 fidem
376 3805 439 3845 non
463 3795 564 3844 servat
587 3786 718 3844 marito:
741 3799 854 3866 quanto
877 3787 995 3869 gravius
1015 3785 1114 3845 offen-

10 3872 149 3953 ⁸ditur,
170 3892 239 3931 cum
264 3871 309 3931 illi
331 3872 389 3954 ipsi
415 3889 479 3928 uon
499 3881 637 3928 servatur
658 3866 734 3929 fides
768 3872 801 3929 in
825 3890 885 3946 eo,
915 3868 1001 3949 quod
1024 3871 1114 3952 exigit

10 3956 199 4035 ,oblatum
228 3956 281 4035 qui
311 3976 375 4015 non
408 3964 545 4038 exegerat
571 3952 788 4013 offerendum?
830 3953 873 4012 Et
908 3952 1001 4034 paulo
1023 3964 1113 4035 post:

10 4040 121 4109 =Post
149 4040 214 4101 voti
234 4039 457 4123 professionem
478 4049 706 4121 perseveranter
723 4035 923 4099 fraenandam
946 4047 975 4096 et
987 4038 1112 4098 viucen-

10 4124 115 4201 rdum
138 4136 203 4202 est,
219 4122 304 4203 quod
321 4123 416 4201 libet,
439 4125 512 4205 quia
534 4122 597 4203 jam
624 4141 688 4181 nou
709 4121 795 4182 licet:

126 4220 178 4278 10.
220 4205 487 4270 OECUMENIUS
520 4207 553 4268 iu
577 4218 610 4305 Ι7.
645 4206 753 4290 capitis
791 4202 909 4289 prioris
937 4203 977 4268 ad
998 4204 1113 4267 Corin=

812 4308 959 4389 δοῦ,
