2790 4792
65 326 166 399 Ι599
387 333 447 386 ,ζ
575 307 872 383 tubex

77 498 245 559 Tridentini
264 500 300 554 de
326 502 469 555 incruenta
483 496 612 549 immola·
717 489 879 548 Tridentini
898 495 934 549 da
954 497 1135 555 remissione
1147 503 1262 578 culpas,

115 575 196 627 tione
207 585 235 626 et
247 571 451 645 propitiatorio
463 569 608 622 sacrificio
619 571 682 632 196·
753 581 817 618 non
833 583 941 636 poenae
1101 566 1111 582 ⁸
1268 589 1323 642 325,

114 645 152 700 da
176 647 373 701 communione
400 643 554 715 utriusque
584 651 613 695 et
755 635 793 692 de
811 637 922 692 clericis
948 653 998 696 aut
1024 643 1187 716 religiosis
1205 668 1267 723 pro.

113 720 200 773 unius
218 716 322 791 speciei
620 719 684 775 209.
755 709 840 765 fessis
865 711 1038 769 nubentibus
1067 730 1124 772 aut
1153 722 1264 779 libidini

115 789 152 845 do
211 799 306 843 testate
332 786 469 842 ecclcsiae
497 783 528 838 in
552 805 613 839 mu·
756 783 972 855 indulgentibus
1270 806 1323 865 976Δ

114 809 210 917 hanff
217 861 378 932 specierum
398 858 601 915 communione
618 867 682 919 215.
756 854 793 911 de
813 857 990 911 matrimonii
1010 877 1207 923 sacramento
1267 879 1317 938 tiu.

114 935 152 989 de
167 942 289 1006 utraque
308 933 496 989 etalterutra
506 933 612 987 aucta·
755 928 792 984 de
822 929 1015 986 ecclesiastica
1043 933 1264 1009 dispensatione

112 1005 210 1061 ristiae
229 1005 327 1077 specie
621 1013 685 1066 217.
756 1000 898 1127 graduum
921 1009 1191 1078 consanguinitatis
1276 1024 1324 1085 itt

110 1078 156 1135 (le
175 1079 378 1135 communione
414 1077 611 1133 Eucharistiae
776 1093 794 1129 e
812 1093 871 1129 uno
889 1087 939 1130 aut
959 1096 1016 1133 una
1037 1092 1160 1139 tantum
1182 1089 1268 1160 patri·

28 1164 31 1183 =
111 1150 257 1206 catholica
618 1159 683 1210 220·
756 1165 796 1202 no
821 1147 1008 1212 aut'natrina
1035 1154 1191 1228 baptizato
1216 1163 1263 1216 ta.

31 1220 53 1287 ,’
110 1224 147 1282 cle
167 1216 613 1298 pignorcaut'symboloEucha·
756 1220 853 1276 banda
1270 1243 1327 1304 443,

98 1297 216 1353 'ristiae
618 1305 683 1355 222.
743 1292 794 1357 ,de
812 1293 993 1350 matrimonii
1012 1318 1094 1356 nexu
1115 1304 1257 1362 indissolu-

112 1371 241 1439 ciusdem
259 1373 295 1427 ad
305 1372 445 1427 unitatem
457 1373 614 1428 affectuosa
756 1364 812 1421 bili
1271 1387 1323 1447 tay,

111 1456 141 1499 et
160 1445 262 1500 intima
280 1447 407 1500 hortatio
588 1448 684 1502 ¹222.
764 1439 801 1494 de
822 1439 1038 1498 reformatione
1053 1450 1238 1507 matrimonii
1275 1462 1325 1520 tit).

112 1517 149 1573 tle
166 1520 207 1584 vi,
228 1530 329 1574 usust
352 1518 480 1585 efficacia
503 1518 612 1572 Eucha·
757 1512 907 1597 decretum
926 1515 1007 1587 quod
1032 1522 1086 1591 qui
1106 1534 1136 1577 et
1154 1528 1271 1598 quoties

110 1593 211 1646 ristiae
550 1616 555 1627 =
620 1595 683 1648 226,
779 1595 913 1640 uotannts
934 1591 1176 1658 proclamandum
1277 1607 1324 1667 i5t

111 1666 147 1719 de
167 1666 315 1721 reverenti
327 1663 498 1720 autdecenti
508 1662 544 1719 ad
556 1665 611 1716 Eu·
757 1605 794 1714 ie
820 1659 1009 1715 matrimonio
1033 1684 1089 1736 per
1111 1671 1265 1744 religionis

110 1738 275 1793 charistiam
294 1757 409 1792 accessu
620 1743 683 1795 237,
755 1731 972 1858 grofesslonem
992 1737 1155 1794 dirimendo
1272 1753 1320 1812 Ml*

110 1809 147 1873 de
163 1829 248 1867 causa
265 1811 455 1866 institutionig
463 1809 613 1883 pooniten.
778 1823 794 1859 Θ
807 1804 1003 1862 indissolubili
1012 1811 1185 1868 matrimonii
1198 1815 1264 1868 vin·

109 1883 168 1938 tiae
619 1886 684 1948 tte.
758 1877 824 1932 outo
1266 1895 1326 1955 tac

111 1952 148 2003 da
168 1953 302 2032 ministro
324 1956 493 2010 sacramenti
511 1955 612 2027 poeni·
757 1948 795 2004 tle
812 1950 976 2026 polygamia
995 1955 1167 2012 Christianis
1185 1958 1259 2014 veti·

108 2031 219 2074 tentiae
619 2033 683 2090 247.
757 2035 788 2078 ta
1234 2039 1238 2043 '
1261 2038 1311 2098 461.

108 2091 145 2146 de
163 2089 360 2163 poenitentiao
370 2103 399 2146 et
407 2092 543 2164 baptismi
558 2094 612 2146 dit·
755 2093 792 2150 dc
811 2094 963 2169 collatione
987 2102 1171 2172 virginitatis
1192 2115 1221 2156 ct

108 2164 243 2220 fcrentiis
277 2226 280 2231 .
618 2173 683 2227 256.
755 2167 919 2239 nuptiarum
1112 2179 1122 2188 “
1255 2179 1317 2239 tua.

108 2239 145 2294 de
170 2237 367 2310 poenitentia,
393 2237 518 2293 secunda
534 2249 608 2313 'post
655 2239 657 2243 ’
756 2238 794 2294 de
818 2243 978 2303 charactere
1003 2255 1258 2302 sacramentorum

108 2313 292 2384 naufragium
312 2311 408 2364 tabula
620 2320 682 2375 257.
755 2308 945 2386 trium,'qui
976 2313 1196 2384 recipientibus
1227 2338 1262 2374 ca

108 2385 144 2440 de
163 2383 360 2456 poenitentiae
371 2385 502 2451 materia,
516 2386 610 2440 forma
756 2384 933 2457 imprimitur
1178 2392 1248 2452 493.
1269 2397 1327 2455 799

32 2476 35 2487 ·
108 2470 137 2513 et
155 2458 289 2530 partibus
617 2465 680 2518 265.
718 2457 870 2512 Trinitatis
899 2457 1017 2515 nomine
1043 2455 1102 2510 ilari
1119 2467 1169 2511 aut
1187 2461 1259 2514 fieri

108 2531 145 2584 da
164 2531 358 2592 contritione,
381 2531 500 2605 ejusque
520 2531 550 2587 vi
581 2542 610 2585 ct
753 2530 931 2603 baptismum
1279 2540 1326 2593 28.

106 2604 276 2658 necessitate
616 2610 678 2664 266.
716 2603 874 2675 Triplicem
887 2622 949 2659 csse
963 2598 1068 2678 agendi
1081 2603 1158 2658 bene
1175 2603 1255 2657 ntale-

106 2675 142 2730 ds
163 2676 340 2730 contritione
357 2677 610 2750 parandaparata-
754 2696 812 2749 que
832 2677 910 2730 viam

106 2767 143 2802 va
616 2757 680 2810 271.
716 2751 810 2822 Tropi
829 2752 879 2822 qui
900 2746 1051 2822 quomodo
1064 2768 1119 2822 per
1138 2748 1264 2806 haereti·

104 2820 140 2875 de
158 2819 322 2893 integritate
335 2820 524 2876 confessionis
542 2840 608 2892 pec·
749 2840 798 2876 cos
818 2822 934 2876 conficti
1276 2831 1328 2882 122.

105 2905 236 2948 catorum
536 2902 597 2953 275.
618 2904 679 2956 276.
716 2896 863 2950 Turonen.
884 2895 1042 2948 concilium
1063 2895 1116 2949 sub
1143 2897 1267 2952 Victore

103 2965 140 3020 de
159 2968 355 3021 satisfactione
379 2968 576 3021 sacramentali
614 2978 675 3034 299.
743 2964 790 3023 '11.
814 2965 886 3041 quid
913 2979 1016 3021 contra
1047 2971 1264 3044 Berengarium

103 3038 139 3093 da
158 3040 300 3094 Unctionc
320 3051 445 3094 extrema
500 3048 675 3107 &sifi-327.
750 3052 799 3095 aut
817 3058 880 3093 cum
901 3041 975 3113 ipso.
987 3043 1122 3096 tractarit
1272 3048 1324 3100 132.

101 3111 386 3173 deordinandorum
407 3113 535 3166 examine
610 3126 673 3178 585.
712 3113 903 3170 Tumiacestir
922 3114 1024 3184 Anglis
1044 3114 1116 3188 quid
1231 3133 1234 3139 '
1274 3123 1322 3175 155

102 3185 137 3240 de
157 3187 337 3241 connexione
356 3184 489 3240 sacrificii
512 3197 541 3241 et
560 3204 603 3241 aa·
711 3187 833 3243 Tutelae
853 3187 983 3239 officium
1012 3189 1099 3259 quale
1119 3188 1264 3262 Cypriani

102 3257 214 3315 cerdati
231 3269 287 3318 etc.
608 3268 672 3322 366·
747 3272 879 3334 tempore
898 3260 1030 3315 habitum
1269 3270 1323 3322 183.

661 3461 733 3587 U.

67 3699 226 3757 Uiiibratici
245 3699 382 3755 baeretici
402 3697 453 3771 qui
503 3760 505 3765 ,
608 3709 674 3770 atr.
712 3703 817 3760 Unctio
843 3715 971 3760 extrema
999 3705 1110 3774 quibus
1142 3712 1253 3762 tantun·

68 3775 263 3829 Umbraticine
295 3773 603 3845 Impanatoribus‚.an
749 3777 836 3832 modo
854 3777 1034 3833 conferenda
1084 3829 1089 3834 .
1258 3779 1318 3829 ssu

104 3849 301 3920 lmpanatores
327 3846 497 3903 umbraticis
523 3849 604 3920 pejo-
714 3850 817 3904 Unctio
837 3860 963 3905 extrema
980 3851 1053 3923 quid
1065 3852 1146 3904 sacri
1164 3860 1208 3905 aut
1217 3865 1256 3900 sa-

106 3938 152 3973 res
516 3941 536 3969 x
580 3960 583 3965 -
614 3928 676 3988 lti8.
751 3921 889 3978 crementi
910 3924 947 3976 sit
995 3931 998 3937 '
1264 3922 1319 3980 ill·

66 3993 171 4049 Unctio
192 3995 355 4064 perficiens,
365 3994 505 4066 Dionysio
515 3991 606 4049 Areo·
714 3995 818 4051 Unctio
846 4007 972 4050 extrema
1004 3991 1076 4070 quid
1113 3995 1256 4050 morituro

103 4064 218 4140 pagitae
237 4067 308 4138 quid
632 4076 678 4134 97.
750 4080 800 4123 aut
818 4068 965 4142 languenti
987 4068 1128 4122 conferat
1260 4065 1318 4128 595·

36 4139 39 4145 ’
69 4140 173 4196 Unctio
193 4146 319 4193 extrema
339 4160 391 4197 cur
409 4142 608 4212 instituta,aut
714 4141 865 4207 Unctionis
891 4145 990 4214 (quarn
1014 4144 1140 4209 vocant)
1170 4150 1255 4197 estre·

106 4233 164 4290 quo
180 4206 322 4268 conducat
552 4280 554 4285 Ι
616 4219 679 4284 att.
703 4284 705 4288 Ι
751 4234 814 4273 mas
832 4215 876 4272 ris
894 4217 1076 4297 autenti-gia
1148 4292 1154 4303 „
1284 4213 1323 4264 ll·
1355 4238 1356 4265 i
