2790 4792
400 305 467 387 in
503 286 790 387 cannas.
938 280 1028 359 “·
1083 325 1137 399 ra

136 530 169 586 2.
211 498 596 576 concumulandam.
631 505 710 568 Sess.
731 469 846 574 ilcan.
867 468 915 573 2.
933 480 973 566 dc
993 493 1128 571 Sacrani.

50 598 86 664 in
117 620 246 686 genere:
268 588 314 656 'si
333 587 399 678 quis
417 592 550 670 dixerit,
582 612 617 651 ea
637 591 647 649 i
670 612 702 650 sa
723 610 816 651 novae
837 589 910 674 legis
933 591 1126 653 Sacramenta
1135 589 1303 683 ffinuan

51 708 72 747 a
95 683 298 745 sacramentis
316 680 453 761 antiquae
466 675 540 760 legis
565 697 627 734 non
643 612 775 750 differre,
795 676 853 734 nisi
874 677 947 757 quia
964 697 1126 738 caercmo-
1179 652 1253 690 oruc

12 836 14 840 Α
54 772 128 831 niae
150 779 222 828 sunt
241 767 315 826 aliae
321 809 331 842 ,
359 775 387 824 et
408 761 458 823 alii
482 765 559 821 ritus
584 761 722 837 externi,
744 759 900 820 anathema
922 764 970 820 sit.
1323 830 1329 845 Ι

143 865 172 920 3.
214 852 268 910 ΕΤ
294 871 358 910 can.
380 860 443 921 aa
463 843 497 904 Si
534 845 603 925 quis
642 843 765 919 dixerit,
802 844 994 906 Sacramenta
1028 866 1124 906 novae
1151 851 1187 894 td
1200 857 1301 918 inni-n

58 939 136 1019 legis
156 956 214 996 non
234 956 297 995 esse
317 926 501 994 adsalutem
517 929 701 1003 necessaria,
724 927 778 986 sed
801 927 972 1010 superflua:
1006 941 1036 990 et
1059 913 1269 1002 sinelliilii?

61 1025 102 1082 eis
125 1032 174 1080 ant
190 1040 297 1080 eornm
310 1029 390 1079 voto-
406 1037 463 1100 per
482 1013 578 1073 solam
602 1009 694 1071 fidem
719 1010 856 1072 homines
875 1033 892 1071 a
914 1012 983 1074 Deo
997 1019 1125 1096 gratiam
1133 1008 1198 1045 ⁸²⁸¹·

56 1102 285 1187 justificationis
304 1103 450 1186 adipisci,
486 1099 564 1157 licet·
590 1097 690 1156 omnia
721 1095 845 1179 singulis
867 1099 1036 1159 necessaria
1062 1118 1126 1160 non
1198 1095 1201 1102 ’

55 1192 134 1266 sint,
156 1188 314 1251 anathema
335 1191 385 1261 sit.
768 1250 772 1257 Ι

140 1285 169 1341 a.
212 1265 474 1351 AUGUSTINUS
495 1266 531 1324 L.
552 1262 640 1323 XIX.
672 1272 753 1323 cont.
773 1263 879 1324 Faust.
908 1260 1043 1323 Manich.
1065 1284 1130 1350 cap.

55 1370 120 1433 13„
142 1368 292 1439 utsupra
314 1360 432 1434 quaest.
462 1361 494 1416 3.
515 1349 556 1408 D.
776 1360 782 1367 ’

138 1454 169 1508 5.
210 1440 325 1499 IDEM
356 1437 391 1492 L.
412 1433 469 1491 Ill.
504 1431 543 1492 de
573 1429 672 1492 doctr.
704 1427 811 1492 christ.
832 1450 899 1513 cap.
920 1441 963 1508 9.,
983 1441 1020 1492 ut
1042 1444 1156 1514 supra*

55 1537 174 1609 quaest.
195 1536 250 1596 aa,
275 1523 317 1578 D.
342 1525 420 1576 auct·
442 1527 472 1582 3·
620 1595 622 1600 Ι
812 1572 821 1585 ..

126 1607 172 1674 ’6.
227 1600 337 1662 ITEM
370 1599 400 1655 in
435 1600 520 1682 epist.
556 1610 626 1665 118·
657 1616 723 1682 cap.
758 1610 812 1683 1.=¹
847 1599 998 1659 Dominus
1030 1610 1299 1721 nostermmfi‘

54 1682 403 1752 insusurratum
425 1681 624 1743 Saea-amentis
651 1702 777 1743 numero
793 1684 998 1764 paucissimis,
1023 1683 1308 1768 obser-„mm

54 1776 187 1833 vatione
215 1766 395 1839 facillimis,
412 1765 631 1850 significatione
661 1769 923 1849 praestantissimis
955 1771 1129 1833 societatem
1139 1774 1266 1832 ‘lutum
1274 1778 1307 1819 Ι·-

55 1846 135 1918 rio'vi
155 1850 265 1936 populi
285 1850 448 1932 colligavit:
473 1852 562 1911 sicuti
592 1861 638 1909 est
655 1845 826 1934 Baptismus
847 1852 1003 1913 Trinitatis
1027 1835 1183 1913 nomi-⁸¹⁸⁹

54 1962 96 2001 ne
121 1947 334 2007 consecratus,
357 1936 594 1995 communicatio
625 1938 765 2019 corporis
790 1946 821 1996 et
846 1939 998 2020 sanguinis
1022 1938 1128 2020 ipsius,
1171 1952 1180 1995 .'

59 2026 133 2087 etsi
159 2019 236 2103 quid
257 2019 339 2078 aliud
359 2021 390 2079 in
409 2020 566 2101 scripturis
586 2022 741 2105 canonicis
764 2023 1006 2103 commendatius
1042 2096 1045 2101 .
1066 2082 1076 2097 Ι,
1116 2090 1120 2097 .

143 2104 178 2166 B.
220 2102 476 2163 AUGUSTINUS
508 2103 543 2161 L.
564 2101 620 2162 IV.
649 2099 748 2165 contr.
785 2107 936 2167 Donatist.
975 2123 1042 2188 cap.
1070 2102 1134 2185 24,

15 2218 18 2223 ·
62 2189 168 2250 volens
187 2209 222 2249 ex
249 2187 678 2264 circumcisioneostendere,
713 2188 789 2270 qaid
819 2190 971 2251 valentin
997 2191 1133 2271 parvulis
1229 2240 1232 2245 ⁴
1288 2258 1292 2265 ¹

65 2275 250 2356 Baptismus:
280 2273 364 2348 Cur,
384 2274 503 2354 inquit,
524 2284 724 2355 praeceptum
751 2273 994 2348 estAhraham,
1016 2285 1053 2333 ut
1065 2295 1134 2335 om·

66 2381 134 2419 nem
166 2356 276 2416 deinde
308 2356 452 2418 infantem
483 2353 651 2415 masculum
684 2367 794 2417 octavo
822 2356 870 2415 die
892 2355 1136 2429 circumcideret,

15 2496 20 2503 .
65 2444 120 2524 qui
150 2439 287 2500 nondum
312 2453 432 2525 poterat
448 2439 559 2504 ¹corde
586 2438 727 2519 credere,
748 2450 798 2497 ut
825 2441 852 2497 ei
875 2438 1075 2520 deputaretur
1097 2436 1137 2497 ad
1312 2486 1323 2509 ,¹

26 2534 29 2541 '
62 2527 235 2609 justitiam,
267 2526 325 2585 nisi
354 2526 426 2607 quia
458 2535 490 2583 et
512 2523 613 2603 ipsum
644 2544 702 2606 per
727 2541 759 2582 se
777 2523 879 2607 ipsum
909 2521 1138 2598 Sacramentum
1234 2536 1246 2559 ·“
1272 2522 1275 2531 “
1320 2540 1323 2547 ·

63 2611 193 2672 multum
213 2609 350 2671 valebat?
372 2621 432 2673 etc.

148 2708 177 2768 1.
199 2694 233 2754 C.
273 2688 534 2765 AUGUSTINUS
567 2691 600 2750 L.
620 2690 706 2750 XIX„
738 2701 818 2765 cont.
850 2691 953 2769 Faust.
977 2688 1044 2774 cap.
1070 2703 1135 2759 ηε

61 2780 98 2844 In
132 2778 251 2840 nullum
293 2781 405 2837 nomen
438 2774 589 2860 religionis
613 2787 695 2853 etc„
717 2786 753 2837 ut
780 2797 849 2861 sup.
884 2789 1001 2861 quaest.
1030 2790 1063 2855 2.
1094 2776 1135 2836 D.

63 2864 210 2925 auctorit
234 2877 263 2928 2.
869 2913 874 2922 .
954 2858 958 2873 '
996 2907 1000 2911 -

146 2960 176 3013 2.
219 2945 329 3005 IDEM
348 2946 379 3002 in
399 2942 433 3003 1..
454 2941 494 3006 de
516 2963 588 3003 vera
608 2941 692 3025 relig.
712 2957 872 3024 cap.·17.=
893 2945 956 3005 Ubi
967 2945 1050 3005 venit
1063 2962 1137 3028 gra·

62 3035 105 3093 tia
128 3030 224 3103 Dei,
242 3049 321 3108 qnae
340 3049 395 3111 per
413 3028 577 3112 prophetas
593 3039 720 3087 ventura
739 3029 925 3105 canebatur,
958 3049 1057 3112 pauca
1076 3029 1136 3088 Sa·
1237 3052 1240 3057 ·

63 3123 222 3183 eramenta
243 3111 438 3172 saluberrima
455 3115 622 3172 constituta
643 3122 723 3188 sunt,
747 3134 836 3193 quae¹
851 3115 1024 3177 societatem
1042 3110 1137 3181 Chri·
1184 3169 1190 3181 ,
1230 3110 1233 3115 ’

63 3200 155 3259 atiani
184 3196 315 3280 populi,
348 3195 409 3257 hoc
443 3207 504 3272 cst,
530 3196 588 3257 sub
621 3215 685 3256 uno
712 3192 783 3258 Deo
802 3195 918 3256 liberae
933 3194 1136 3255 multitudinis
1146 3169 1285 3263 cdliii&

62 3285 266 3346 continerent.

148 3379 187 3433 3.
222 3362 408 3433 ¹BASILIUS
438 3363 470 3422 in
501 3361 614 3423 exhort.
636 3362 676 3424 ad
698 3361 859 3447 baptism,
889 3387 967 3446 quae
991 3376 1037 3427 est
1055 3356 1138 3435 hom.

65 3466 115 3522 13.
136 3448 174 3512 ex
194 3448 325 3510 homiliis
351 3443 506 3508 vmioium
532 3459 776 3529 argumentorum
805 3448 845 3508 ad
867 3451 1032 3532 populum:
1061 3450 1139 3511 Tes-

65 3558 165 3607 seram
185 3535 280 3594 duces
298 3533 361 3607 ¹sub
377 3553 410 3593 sc
431 3530 629 3591 militantibus
647 3533 742 3609 dant,
763 3544 800 3593 ut
818 3535 907 3593 amici
929 3536 1045 3597 facilius
1059 3526 1159 3597 invi-¹

68 3643 134 3681 cem
150 3641 184 3680 se
207 3632 368 3680 noscentes
383 3617 611 3691 exhortentur,
642 3628 671 3676 et
689 3618 715 3675 si
741 3636 810 3678 cum
831 3618 973 3679 hostibus
996 3623 1139 3680 commis-

69 3716 212 3780 ceantur,
246 3725 282 3763 eo
304 3702 421 3762 facilins
446 3700 579 3760 discerni
612 3720 646 3758 ac
675 3705 806 3780 separari
825 3707 950 3785 possint.
994 3702 1090 3793 Quod
1112 3706 1138 3776 si

69 3792 154 3851 sorte
170 3788 407 3851 commilitonum
432 3784 584 3869 separatio
606 3781 679 3858 liat,
705 3799 863 3862 nemete,
885 3810 1044 3868 quarum,
1063 3810 1139 3851 nos·
1234 3805 1237 3809 '
1323 3814 1326 3821 ’

67 3889 186 3937 trarum
207 3895 244 3934 an
266 3872 447 3947 adversarii,
468 3872 604 3953 partium
618 3871 678 3951 sis,
699 3871 828 3946 noverit,
849 3874 906 3931 nisi
927 3876 1062 3950 mysticis
1075 3858 1315 3958 sig-„fflssffllssl‘ss

70 3962 114 4020 uis
139 3957 375 4018 familiaritatem
394 3974 467 4037 prae
492 3965 523 4014 te
545 3953 639 4028 feras,
672 3955 729 4012 nisi
748 3956 900 4039 signatum
921 3959 961 4018 sit
993 3970 1138 4043 superte
1149 3959 1213 3999 ⁹⁵⁸¹·
1224 3960 1249 4004 ⁴¹
1264 3962 1288 4004 ἵ·

76 4041 173 4103 lumen
195 4042 299 4102 vultus
323 4039 465 4100 Dominis
497 4040 556 4098 nisi
581 4035 782 4099 characterem
816 4043 848 4098 in
875 4052 906 4099 te
926 4055 1144 4126 agnoscam&-
1173 4112 1176 4117 Ι

78 4126 176 4207 gelus,
199 4146 332 4210 quonam
353 4123 445 4185 modo
464 4133 576 4206 pro'tc
597 4122 762 4209 pugnabit,
784 4135 838 4185 ant
861 4124 901 4185 ab
924 4127 1053 4187 inimicis
1074 4127 1144 4189 vinz-
1207 4150 1246 4181 ἰ.
1306 4116 1328 4171 .'..

75 4208 224 4275 dicabat.
252 4207 439 4289 Quomodo,
473 4210 619 4292 inquam,
654 4207 759 4287 dicer,
788 4211 848 4270 Dei
865 4231 956 4287 sum,
977 4213 1063 4294 signa
1084 4213 1146 4270 non
1239 4242 1242 4247 >
1287 4207 1303 4229 ”

127 4326 237 4371 missu·
249 4327 275 4370 r.
291 4327 323 4370 11.
916 4325 935 4379 n
