2790 4792
319 339 864 414 euenum-elale.
1049 347 1127 418 tte

64 531 178 594 reticos
200 541 232 592 et
255 550 362 593 eorum
382 530 538 605 fautores,
560 524 726 589 salubriter
752 527 935 595 adicientes.
976 527 1054 589 Item
1075 528 1127 610 ip-

62 638 97 678 sa
121 622 225 676 sancta
254 616 396 692 Synodus
416 615 553 675 decernit
575 624 607 671 et
629 611 767 674 declarat
792 617 965 695 superista
988 614 1145 688 materia,·
1180 636 1183 641 ⁴
1221 642 1224 649 ·
1250 642 1261 657 ·=

63 700 319 762 reverendissimis
343 701 374 759 in
397 699 520 761 Christo
540 695 680 778 patribus
697 696 899 772 et'Dom'iuis,
920 696 1125 772 Patriarchis,

62 784 266 862 Primatibus‚
288 782 557 866 Archiepiseopis,
590 780 774 864 Episcopis,
796 792 827 840 et
848 802 956 841 eorum
976 784 1008 840 iu
1033 781 1127 863 spiri-

53 869 198 937 tualibus
224 871 343 929 vicariis
367 868 501 928 ubilibet
516 865 704 942 constitutis,
725 884 886 947 processus
904 886 967 925 esse
991 866 1128 948 dirigen-

64 953 141 1030 dos,
163 954 323 1035 inquibus
345 955 382 1014 ils
403 951 611 1012 committatur
630 959 661 1007 et
673 948 842 1009 ‘mandetur
861 950 1040 1010 auctoritate
1065 947 1127 1009 hu·

63 1038 117 1119 jus
149 1040 226 1098 sacri
256 1036 381 1099 concilii
401 1035 584 1115 sub-poena
609 1034 946 1110 excommunicationis,
979 1031 1127 1093 atellae-

63 1120 190 1182 tualiter
214 1124 343 1205 puniant
365 1139 417 1181 eos
448 1129 556 1177 eontra
580 1113 640 1175 hoc
672 1116 831 1177 decretum
857 1115 1301 1201 excedentes,.quip„„;,„ffi‚q„;

64 1207 329 1268 communicando
353 1201 507 1287 populum
525 1199 588 1258 sub
623 1212 756 1284 utraque
778 1202 881 1284 specie
898 1203 1042 1283 punisset
1064 1199 1125 1257 viui
1136 1195 1300 1286 ffitgnffi

65 1291 215 1351 exhortati
238 1290 353 1349 hier-int
364 1284 380 1364 ,¹
397 1297 427 1346 et
448 1286 491 1343 sic
509 1284 680 1344 faciendum
701 1304 765 1345 esse
783 1285 1063 1353 decue-'inescaret
1082 1280 1125 1340 ad
1136 1293 1301 1350 populumne

61 1376 281 1459 poeniteutiam
316 1369 480 1447 redierint,
522 1367 578 1427 ad·
602 1372 747 1450 gremium
780 1368 935 1428 Ecclesiae
959 1348 1233 1447 suscipian·2i{f¹‘¹¹²⁹
1251 1353 1302 1396 ’μ’

62 1460 296 1538 tur,·injuueta
320 1457 443 1537 eis'prc
457 1453 549 1512 modo
573 1452 890 1536 culpae-poenitentia
906 1451 1042 1529 salutari
1066 1449 1128 1525 Qui
1153 1450 1156 1454 ⁴

62 1562 140 1600 vcro
172 1561 208 1601 ex
238 1540 299 1598 illis
317 1537 359 1597 ad
383 1538 600 1620 poenitentiam
619 1537 721 1597 redire
745 1557 808 1596 uon
828 1537 1004 1597 curaverint
1024 1535 1130 1617 auimo

61 1624 235 1694 indurato,
267 1642 323 1704 per
350 1641 490 1681 censuras
510 1621 726 1682 ecclesiasticas
748 1641 806 1703 peu
826 1642 900 1698 eos,
922 1617 1127 1701 utheeretici
1151 1678 1154 1683 ,
1256 1615 1259 1621 '

64 1708 139 1766 suut¹
164 1705 341 1785 coercendi,
371 1707 513 1765 invocato
544 1706 633 1765 etiam
655 1706 703 1766 ad
731 1704 814 1781 hoe,
849 1705 890 1787 (ii
923 1702 1126 1786 opusfoerit)
1200 1736 1203 1741 ·
1271 1738 1287 1783 2

64 1789 181 1850 auxilio
198 1788 319 1848 brachii
339 1789 508 1871 saecularis·
673 1835 674 1840 κ
741 1820 797 1842 ‚·,.
862 1822 865 1839 ι
929 1824 934 1841 .·
1073 1822 1097 1843 ..ι
1160 1790 1163 1794 ’
1237 1788 1249 1831 ἶ’
1284 1789 1288 1797 ’

75 1890 109 1932 .’
150 1885 180 1939 5.
225 1872 450 1933 CONClLIUM
467 1872 636 1933 -Basileense
659 1872 840 1944 Secum:
862 1871 905 1931 Ut
920 1871 1058 1933 lucidius
1077 1871 1157 1931 iri-²
1264 1870 1289 1893 ·’·’

63 1956 175 2016 deutur
202 1977 262 2038 pro
295 1957 499 2017 declaratione
534 1956 704 2023 catholicae
742 1959 902 2032 veritatis,
935 1956 1126 2039 quidinir'ca
1220 2000 1223 2004 ·

60 2041 289 2125 perceptionem
309 2061 411 2103 sacrae
430 2039 640 2100 Eucharistiae
673 2042 837 2101 tenendum
852 2042 957 2115 eitaet
969 2039 1125 2124 mendum

60 2144 122 2207 pro
154 2124 286 2196 utilitate
318 2138 348 2185 et
375 2125 470 2185 salute
499 2124 610 2207 populi
636 2123 818 2201 Christiani,
847 2135 920 2207 post
948 2125 1125 2206 diligentem

59 2213 335 2291 perscrutationem
355 2209 526 2269 divinarum
553 2212 775 2292 seripturarum
794 2215 1012 2290 sacrorumque
1032 2229 1136 2276 cauo-v

61 2311 135 2351 num
152 2304 188 2352 et
213 2293 423 2369 doctrinarum
436 2314 469 2354 a·
482 2295 592 2353 sanctis
613 2293 755 2376 patribus
770 2306 802 2352 et
824 2291 1007 2351 doctoribus
1027 2280 1134 2350 uadi-‘¹

62 2388 182 2452 tarum,
215 2379 246 2437 in
277 2376 336 2437 hae
365 2382 471 2438 sancta*
492 2377 614 2452 syuodo
638 2377 741 2458 longis·
767 2373 1123 2454 temporibuslrabitam,

62 2460 328 2542 consideratisque·
348 2461 513 2536 omnibus,
548 2479 632 2542 quae
646 2481 706 2541 pro
735 2456 940 2525 declaratione
961 2458 1056 2539 hujus
1078 2457 1124 2516 rei

63 2543 283 2606 consideranda
299 2547 426 2607 fuerunt
435 2590 444 2622 ,
466 2545 604 2604 deceruit
615 2536 663 2602 'et'
673 2543 808 2604 declarat
822 2541 925 2600 eadem
948 2550 1050 2602 sancta
1065 2541 1126 2616 Sy·

62 2628 182 2706 nodus,
216 2630 303 2711 quod
330 2628 441 2691 -fideles
472 2629 540 2688 laici
567 2630 627 2687 sive
663 2627 767 2688 clerici
796 2627 1048 2707 communicaptes
1060 2636 1124 2702 ,et
1356 2703 1358 2707 ι

59 2728 122 2773 non
155 2714 371 2790 conficientes,
412 2735 477 2774 uon
498 2713 738 2796 adstringuntur
755 2732 789 2773 ex
812 2710 1121 2792 praeceptoDomini
1147 2735 1300 2784 consonae.

61 2796 101 2856 ad
130 2798 357 2879 suscipiendum
382 2797 441 2859 sub
463 2810 595 2879 utraque
611 2799 726 2879 specie,
743 2798 836 2878 epauis
855 2794 983 2856 scilicet:
993 2808 1028 2854 et
1040 2796 1120 2871 riui,
1134 2783 1300 2882 :ssrliss’ffissussd'

59 2900 184 2950 sacrum
209 2880 418 2942 Eucharistiae
438 2875 664 2943 sacramentum.
706 2880 769 2951 sed
789 2879 1050 2960 Ecclesia,.quae
1071 2901 1158 2940 reu-0¹
1180 2851 1296 2974 cirpea

60 2962 145 3046 gitur
172 2964 283 3041 spiritu
306 2966 440 3025 ueritatis
456 2988 555 3026 secum
585 2979 726 3028 manente
752 2968 783 3024 iu
803 2973 972 3039 aeteruum,'
997 2975 1027 3024 et
1047 2947 1280 3029 maulim?

60 3064 124 3127 qua
142 3038 347 3104 ·CHR18TUS
376 3060 476 3110 manet
504 3072 600 3134 usque
624 3052 664 3111 ad
691 3048 1118 3120 consummationemsaeeuli,
1131 3033 1297 3136 3“,ζῗ“ξ“ξμ,

25 3185 27 3189 ,
61 3131 153 3207 (sicut
183 3129 226 3187 ait
250 3128 352 3187 divina
378 3134 541 3219 scriptura)
567 3137 712 3195 ordinare
736 3134 847 3209 habet,
865 3130 1023 3212 quomodo
1039 3131 1118 3212 ,ipsis
1132 3136 1173 3173 ⁰10·

57 3233 122 3273 nou
144 3209 378 3273 conficientibus
404 3218 608 3296 ministretur,
635 3230 734 3302 prout
755 3240 813 3300 pro
838 3183 1298 3297 reve1·entia:1ps1us⁸¹⁸²²¹¹²⁰³⁰⁰

50 3299 239 3357 'sacramenti
269 3306 300 3356 et
325 3296 423 3358 salute
450 3296 587 3360 fidelium
611 3304 722 3363 viderit
737 3301 897 3385 expedire5
933 3302 994 3359 sive
1019 3312 1121 3361 autem
1158 3366 1170 3377 ,ι
1217 3354 1238 3376 ...-
1285 3342 1289 3349 -

58 3381 117 3441 sub
137 3402 198 3440 una
230 3381 348 3463 specie,
384 3383 444 3441 sive
463 3383 520 3440 sub
537 3385 650 3466 duplici
669 3388 738 3469 quis
753 3387 984 3460 communicet,
1009 3405 1121 3445 secuu-

57 3463 131 3541 dum
141 3466 369 3525 ordinationem
389 3484 443 3525 seu
476 3466 697 3531 observantiam
718 3469 873 3529 Ecclesiae
887 3466 1011 3553 prolicit
1030 3467 1120 3551 digne

49 3547 349 3610 'communicantibus
384 3550 422 3610 ad
450 3549 606 3613 salutem.⁴
634 3554 715 3614 Nec.
730 3553 880 3614 ullatenus
906 3552 1121 3635 ambigendum

56 3646 123 3707 est,
145 3635 232 3714 quod
248 3653 311 3692 uon
328 3633 387 3694 sub
409 3635 510 3717 specie
531 3638 616 3715 panis
638 3656 713 3699 earo
737 3648 854 3696 tantum
867 3658 954 3713 ,nec
972 3636 1030 3698 sub
1047 3657 1119 3719 epe·
1143 3698 1144 3702 ,

55 3718 100 3776 cie
120 3719 181 3776 vini
206 3719 328 3800 sanguis
351 3731 486 3792 tantum,
517 3718 570 3777 sed
590 3719 647 3779 sub
668 3719 806 3800 qualibet
823 3723 924 3802 speeie
944 3733 989 3780 est
1002 3723 1117 3802 integre
1142 3742 1215 3785 retus
1228 3743 1270 3785 sue

52 3812 139 3860 totus
161 3801 367 3862 CHRISTUS.
409 3801 586 3865 Laudabilis
607 3824 732 3884 quoque
763 3804 954 3863 consuetudo
977 3826 1116 3867 eommu-
1129 3794 1280 3895 ,pfflfflssp

52 3886 176 3945 nicaudi
204 3887 315 3946 laicum
348 3887 499 3971 populum
525 3885 582 3945 sub
611 3908 672 3946 una
699 3890 816 3969 speeie,
839 3886 877 3946 ab
913 3886 1051 3951 Ecclesia
1080 3898 1187 3953 ,etmu-

52 3971 164 4029 sanctis
200 3971 342 4054 patribus
361 3970 591 4031 'rationabiliter
614 3969 806 4042 introducta,
828 3983 858 4028 et
877 3967 1023 4031 hactenus
1045 3972 1117 4033 diu·

49 4053 163 4112 tissime
199 4055 377 4132 obseruata,
410 4066 441 4116 et
468 4077 487 4116 a
516 4055 694 4116 doctoribus
723 4051 935 4136 divineelegis
952 4075 1114 4121 eternum
1177 4046 1181 4053 ¹

48 4139 274 4220 scripturarum
309 4152 401 4223 atque
436 4162 589 4202 canonum
619 4139 744 4200 multam
758 4140 909 4223 peritiam
923 4137 1116 4218 habentibus,

46 4219 113 4302 jam
156 4240 176 4282 a
204 4220 355 4306 longaevo
382 4236 524 4309 tempore
542 4223 782 4304 commendatas:
798 4244 859 4310 Pto
882 4223 947 4310 lege
975 4222 1116 4303 Mbeuda
1141 4236 1295 4292 restent·-
