2790 4792
255 295 257 303 '
317 268 318 272 Ν
371 300 756 396 '³³'301'tu1a'1s
811 396 815 405 ,
973 407 975 411 ,
1059 332 1139 404 aas

10 512 15 549 ³
68 517 163 583 cliuus
194 529 330 604 propter
351 498 512 594 mysticum
544 512 705 575 Christna':
722 524 727 531 '
747 514 791 574 sic
816 520 921 578 omnes
950 512 1134 591 sacerdotes,
1144 524 1275 576 paeones

10 612 14 649 ='
68 606 214 687 quoniam
234 604 368 664 membra
385 598 454 663 sunt
471 601 561 661 unius
578 598 754 659 sacerdotis.
796 597 843 656 De
863 599 975 680 quibus
999 575 1286 684 Apost0·i1ll“alll⁰al

67 688 115 749 lus
135 688 266 748 Petrus:
286 686 525 768 Pleutrinquit,
539 699 651 759 sancta,
674 672 775 765 regale
796 683 1010 743 sacerdotium.
1146 672 1281 718 mm*

152 786 183 839 5.
226 773 305 833 LEO
332 793 411 856 papa
435 760 576 829 'sermone
603 765 696 826 tertio
718 769 749 825 in
772 766 978 847 anniversario
1011 766 1060 841 die¹
1088 781 1296 840 as-t.1’·a2‚q.

68 856 249 938 sumptionis
277 858 346 916 suae
367 850 418 916 ‘a'd
449 849 677 914 Pontificatum.
731 851 818 909 Licet
843 853 985 911 universa
1012 851 1137 929 eeclesia¹

67 941 128 999 Dei
150 941 295 1000 distinctis
317 938 460 1001 ordinata
485 946 525 995 sit
546 935 702 1024 gradibus,
725 945 760 993 ut
783 955 817 995 ex
849 933 975 993 dirersis
995 934 1136 997 membris

66 1027 176 1084 sacrati
197 1027 337 1107 corporis
359 1023 505 1083 subsistat
524 1020 699 1103 integritas:
717 1014 785 1078 'nos
804 1031 905 1078 tamen
925 1015 1038 1094 ornnes,
1059 1021 1160 1082 sicuta
1173 1031 1309 1083 uernae.

65 1107 107 1167 ait
129 1107 310 1190 Apostolus,
329 1111 360 1167 in
376 1106 500 1166 Christo
527 1106 599 1163 Jesu
620 1124 714 1163 unum
736 1123 849 1180 sumus,
883 1122 941 1164 nec
977 1104 1139 1184 quisquam

64 1190 104 1251 ab
120 1192 256 1257 ,alterius
278 1195 320 1252 ita
354 1202 398 1250 est
425 1188 539 1248 divisus
565 1186 689 1265 officio,
719 1199 756 1247 ut
779 1209 841 1246 non
865 1187 905 1247 ad
918 1187 1138 1247 connexionem

62 1277 216 1359 pertineat
247 1277 366 1358 capitis,
395 1271 560 1353 cujuslibet
581 1271 737 1331 humilitas
757 1273 920 1353 portionis.
962 1272 999 1330 In
1022 1273 1138 1345 unitate

59 1362 154 1442 igitur
177 1358 251 1419 fidei
274 1371 366 1441 atque
396 1357 603 1440 baptismatis,
621 1356 785 1415 indiscreta
812 1355 902 1414 nobis
927 1358 1067 1430 societaS,
1083 1355 1138 1414 di-

59 1443 229 1520 lectissimi,
252 1455 282 1503 et
300 1440 448 1525 generalis
466 1454 509 1500 est
524 1440 665 1524 dignitas,
684 1441 853 1499 secundum
872 1439 950 1498 illud
971 1439 1135 1499 beatissimi
1146 1447 1166 1484 1·
1184 1439 1235 1482 ¹²⁶²·
1253 1451 1275 1487 ἰ
1289 1449 1310 1487 ⁵·

56 1525 145 1588 Petri
172 1526 328 1609 Apostoli,
351 1526 551 1584 sacratissima
566 1545 641 1585 voce
664 1522 810 1583 dicentis:
854 1523 894 1581 Et
909 1524 966 1604 ipsi
991 1518 1137 1605 tanquam

58 1611 180 1692 lapides
203 1610 263 1668 vivi
295 1606 587 1690 superaedificamini
611 1629 643 1667 tn
675 1600 783 1687 domos
807 1607 968 1689 spiritales,
988 1607 1136 1667 sacerdo·

57 1697 140 1753 tium
161 1700 310 1772 sanctum,
333 1691 489 1773 offerentes
514 1692 664 1777 spiritales
685 1690 811 1766 hostias,
837 1690 1040 1774 acceptabiles
1065 1683 1314 1778 Deoflffiss⁸,ffl,¹⁵·

56 1798 119 1860 per
142 1777 245 1835 lesum
264 1777 430 1837 Christum.
473 1776 514 1836 Et
537 1777 635 1841 infra:
676 1776 742 1838 Vos
759 1789 856 1836 autem
873 1796 966 1858 genus
993 1775 1242 1851 eiectamenta
1258 1781 1313 1822 ¹⁸²³·

58 1858 165 1941 regale
186 1858 396 1936 sacerdotium,
420 1866 490 1945 gens
509 1872 621 1939 sancta,
643 1858 778 1945 populus
791 1861 1013 1940 acquisitionis.
1058 1839 1315 1924 Ombll'dar‘ddt'elf‘

58 1962 116 2002 nes
133 1947 212 2001 enim
237 1947 268 2003 in
287 1943 410 2004 Christo
432 1956 634 2029 regeneratos,
657 1946 757 2029 crucis
788 1946 906 2026 signum
926 1942 1016 2003 efficit
1030 1965 1132 2026 reges:

56 2028 158 2086 sancti
183 2047 256 2087 vero
281 2030 405 2110 spiritus
436 2031 539 2089 unctio
564 2041 723 2089 consecrat
748 2029 930 2103 sacerdotes,
955 2039 991 2088 ut
1017 2041 1141 2110 praeter

54 2113 145 2171 istam
170 2112 329 2193 specialem
347 2110 445 2171 nostri
475 2114 635 2172 ministerii
662 2114 857 2189 servitutem,
886 2113 1020 2173 universi
1043 2115 1141 2195 spiri-

57 2192 144 2255 tale's'
158 2208 187 2253 et
207 2193 404 2256 rationabiles
424 2194 593 2257 'Christiani
617 2209 794 2280 agnoscant,
817 2217 849 2254 se
868 2198 944 2277 regii
971 2200 1088 2277 generis
1111 2207 1142 2256 et

61 2277 264 2339 sacerdotalis
291 2278 380 2338 officii
405 2300 468 2340 esse
492 2291 663 2341 consortes.
708 2281 793 2355 Quid
816 2280 895 2336 enim
920 2291 983 2336 tam
1012 2280 1140 2360 regium,

85 2352 151 2421 uam
176 2362 332 2424 subditum
351 2364 419 2422 Deo
441 2367 595 2437 animum,
625 2363 765 2444 corporis
795 2362 842 2418 sui
874 2381 938 2418 esse
965 2358 1177 2440 rectoremlm
1196 2393 1241 2433 quo
1262 2394 1316 2421 eoa.

59 2380 103 2504 ht
131 2446 207 2527 q'tud
239 2458 300 2507 tam
328 2446 538 2522 sacerdotale,
565 2464 796 2526 quamvovere
817 2443 952 2501 Domino
977 2431 1316 2519 conscien-fffimsssffij

58 2528 133 2587 tiam
156 2550 275 2612 puram,
300 2527 552 2589 et'immaculatas
583 2528 705 2609 pietatis
732 2526 849 2585 hostias
872 2527 909 2585 dc
930 2525 1018 2584 altari
1039 2527 1289 2587 cordis⁵i1³¹¹⁰¹¹²¹¹¹⁴

56 2612 189 2675 ollenel
233 2613 331 2689 Quod
355 2633 425 2693 cum
441 2609 597 2683 'omnibus
611 2631 668 2692 per
682 2611 756 2669 DEI
783 2611 907 2695 gratiam
930 2631 1090 2675 commune
1103 2613 1143 2672 sit

58 2695 194 2777 factum,
216 2698 517 2778 religiosum-tamen
537 2694 627 2753 nobis
647 2706 739 2776 atque
762 2692 916 2755 laudabile
943 2706 1003 2772 est,
1029 2695 1067 2755 de
1090 2696 1142 2757 die

60 2778 273 2864 provectionis
298 2789 421 2837 nostrae
449 2779 536 2860 quasi
561 2779 599 2859 de
620 2780 749 2862 proprio
771 2778 900 2839 ‘honore
932 2781 1084 2863 gaudere,
1105 2793 1141 2841 ut

56 2866 158 2922 unum
180 2860 352 2921 celebretur
370 2865 401 2921 in
425 2873 493 2923 toto
519 2862 662 2925 ecclesiae
687 2885 818 2947 corpore
847 2862 1006 2925 Pontificii
1038 2885 1141 2924 sacra·

54 2959 206 3027 mentum,
230 2944 316 3025 quod
332 2944 429 3006 effuso
454 2946 678 3008 benedictionis
702 2961 871 3031 unguento,
890 2950 1044 3031 copiosius
1066 2950 1140 3029 qui-

55 3031 131 3090 dem
154 3031 186 3087 in
207 3030 367 3113 superiora
393 3028 531 3114 profluit,
556 3031 610 3092 sed
625 3051 688 3092 non
709 3053 802 3115 parce
826 3035 914 3092 etiam
936 3035 967 3092 in
987 3032 1139 3093 inferiora
1148 3060 1213 3104 pm,
1224 3068 1270 3109 ¹32,
1283 3068 1304 3107 2,

53 3113 226 3175 descendit.
706 3120 709 3125 ’

142 3209 171 3264 3.
215 3193 448 3261 AMBROSIUS
470 3197 524 3260 lib.
539 3199 592 3262 tv.
611 3200 649 3260 de
674 3200 878 3274 sacramentis,
898 3219 961 3282 cap.
987 3211 1033 3265 1.=
1077 3197 1138 3259 Sed

54 3276 141 3363 sorte
171 3278 270 3339 dicas:
310 3282 399 3358 'Quid
428 3282 491 3344 hoc
521 3284 560 3344 ad
582 3285 754 3368 populum,
791 3286 816 3342 si
852 3285 937 3367 virga
963 3282 1136 3343 Sacerdotis

53 3376 184 3427 aruerat
201 3376 231 3424 ct
253 3363 415 3427 refloruit?
455 3367 594 3452 Populus
612 3372 678 3452 ipse
704 3371 756 3450 qui
779 3379 824 3427 cst
843 3369 900 3427 nisi
918 3367 1136 3427 sacerdotalis?
1148 3373 1215 3414 Num.
1230 3375 1299 3420 aas.

55 3448 184 3533 Quibus
204 3449 400 3512 dictumest:
423 3454 490 3514 Vos
516 3465 614 3513 autem
632 3473 727 3536 genus
749 3451 887 3527 electum,
911 3451 1012 3535 regale
1036 3472 1138 3511 sacer·
1168 3451 1169 3455 ’

54 3532 199 3608 dotium,
224 3555 296 3617 gens
329 3549 450 3614 sancta,
472 3550 507 3597 ut
531 3538 573 3596 ait
597 3536 764 3620 Apostolus
797 3536 919 3598 Petrus.
964 3537 1322 3616 Unusquis-araaaa·¹

53 3636 120 3701 que
151 3619 279 3702 ungitur
318 3619 349 3677 in
380 3620 602 3694 sacerdotium,
640 3622 768 3705 ungitur
789 3622 820 3680 in
841 3642 977 3704 regnum.
1001 3618 1317 3706 Sedspi-·9,3,1m,1„„,

52 3698 147 3763 ritale
175 3722 304 3785 regnum
325 3715 391 3776 est,
429 3716 460 3764 et
490 3706 696 3765 sacerdotium
728 3705 872 3788 spiritale.
931 3704 967 3762 In
1003 3702 1315 3790 secundoffpggffffl·

53 3804 186 3867 quoque
225 3785 427 3865 tabernaculo
455 3801 501 3849 est
521 3789 806 3865 thymiamaterium.
851 3788 1294 3864 Thymiamateriumchristiano-

56 3880 115 3945 eat,
141 3869 228 3951 quod
260 3870 380 3931 honum
410 3872 540 3932 odorem
571 3874 706 3955 fragrare
747 3876 913 3933 consucvit.
970 3874 1067 3932 itaet
1087 3861 1211 3931 vos'um'

52 3952 122 4098 pam
147 3953 249 4014 honus
269 3956 349 4017 odor
363 3956 478 4017 Christi
503 3958 584 4033 estis,
596 3959 659 4037 jam
679 3955 778 4017 nullae
800 3960 831 4016 in
849 3957 936 4017 vobis
960 3955 1066 4018 sordes
1086 3954 1172 4018 de-a·
1184 3965 1239 4012 cor.
1253 3972 1314 4016 ωε,

70 4037 212 4119 ictorum,
238 4040 340 4101 nullus
360 4041 442 4101 odor
484 4043 613 4102 rarioris
634 4043 756 4100 erroris.

101 4126 106 4139 '
144 4134 172 4189 1.
216 4122 248 4180 B.
285 4064 483 4186 leuandi
511 4128 542 4186 in
575 4125 707 4209 epistola
738 4125 777 4185 ad
815 4125 969 4186 Heronem
997 4124 1140 4188 eeclesiae

50 4202 270 4270 Antiochenae
294 4207 477 4273 diaconumt
519 4210 591 4272 Siue
623 4210 774 4296 episcopis
809 4208 887 4271 nihil
916 4229 1002 4295 agas5
1038 4218 1141 4281 sacer-
