2790 4792
315 234 893 339 nuensnrsrrsnr.
1050 276 1142 351 1„-

58 445 175 523 tionem
191 444 317 539 ,populo
338 449 399 511 site
421 445 476 523 sed
494 449 530 509 in
549 446 752 511 abolitionem
768 450 976 538 peccatorum,
1002 474 1040 518 ac
1057 457 1130 519 anl-

57 563 180 608 marum
205 550 236 598 et
268 532 682 621 corporum'reuovutionem
705 545 763 595 eto.
806 534 941 602 Admitte
959 561 1018 602 nos
1037 561 1129 605 aece-

58 630 166 690 dentes
183 622 222 685 ad
243 632 377 682 sanctum
390 631 484 687 ,tuum
509 617 621 695 altare,
640 618 808 679 seeundum
824 623 1050 687 multitudinem
1065 627 1128 687 mi·

49 709 247 774 -sericordiae
275 719 362 781 tuae,
386 714 423 764 ut
453 703 539 785 digni
563 706 675 779 simus,
705 706 759 785 qui
786 704 945 770 offeramus
972 709 1034 770 tibi
1054 731 1128 773 mu-

58 817 134 857 nera
146 839 157 870 ,
185 804 215 853 et
236 787 416 853 sacrificium
435 808 495 872 pro
526 786 637 863 nobis,
665 797 695 847 et
713 807 774 871 pro
793 791 834 850 iis
843 790 857 869 ',
890 812 968 874 quae
989 795 1125 877 populus

58 902 117 966 per
147 875 346 961 ignorantiam
374 873 513 934 admisit:
549 870 651 953 daque
669 872 784 949 nobis,
808 874 968 948 Domine,
998 890 1035 938 ut
1054 879 1126 942 sibi

61 984 130 1025 eum
157 963 238 1023 omni
265 972 364 1035 metn,
390 978 426 1017 ac
447 976 525 1039 pura
543 957 729 1017 conscientia
748 956 810 1019 hoc
830 957 1011 1021 sacrificium
1031 965 1127 1045 spiri-

57 1050 118 1111 tale
150 1056 240 1129 atque
254 1046 460 1105 'incruentum
493 1037 675 1100 offeramuse
709 1041 795 1124 qnod
826 1042 882 1103 ubi
910 1045 1064 1109 admiseris
1091 1047 1126 1109 iu

56 1143 215 1209 sanctum,
254 1126 495 1213 supercaeleste,
526 1144 577 1187 ac·
590 1124 794 1186 intellectuale
820 1138 912 1199 tuum
936 1126 1053 1205 altare,
1091 1130 1126 1191 iu

57 1217 187 1279 odorem
221 1204 379 1275 suavitatis
410 1206 573 1291 spiritalis,
600 1210 733 1271 vicissim
773 1210 860 1271 mitte
891 1211 981 1273 nobis
999 1217 1127 1296 gratiam

57 1304 183 1385 spiritus
221 1301 269 1360 tni
298 1293 489 1357 sanctissimi.
545 1293 573 1354 Ο
603 1295 687 1355 Deus
699 1337 709 1370 ,
742 1297 860 1378 respice
885 1296 917 1355 in
934 1316 1009 1373 nos,
1034 1308 1065 1356 et
1085 1293 1127 1358 ad

55 1399 196 1446 nostrum
217 1383 282 1444 boo
305 1377 453 1438 rationale
472 1377 654 1459 obsequium
673 1379 809 1455 intuere,
832 1376 927 1463 idque
945 1381 1069 1462 accipe,
1089 1392 1128 1443 ut

55 1470 136 1531 Abel
162 1468 246 1528 dona
268 1463 432 1543 accepisti,
452 1461 518 1522 Noe
536 1460 706 1538 sacrificia,
742 1462 860 1537 Moysis
880 1475 912 1523 et
926 1461 1056 1524 Aaronis
1074 1484 1128 1525 sa·

52 1554 214 1625 cerdotia,
253 1545 400 1606 Samuelis
422 1544 565 1628 pacifica,
598 1546 725 1607 Darldis
742 1549 980 1628 poenitentiam,
1006 1546 1129 1609 Zacha-

54 1640 122 1698 riae
158 1637 335 1692 incensum:
365 1639 401 1688 ut
428 1626 466 1690 de
495 1650 587 1690 manu
605 1627 841 1713 Apostolorum
862 1642 988 1703 tuorum
1018 1652 1128 1695 rerum
1221 1626 1224 1633 ¹

55 1720 146 1781 bunc
176 1715 293 1775 cultum
315 1713 481 1797 accepisti,
501 1716 545 1777 ita
566 1732 692 1796 quoque
713 1733 730 1793 β
751 1715 891 1775 manibus
908 1717 1041 1795 nostris,
1069 1718 1126 1800 qui

84 1812 243 1861 cecatores
267 1818 387 1874 sumus,
413 1799 516 1881 recipe
539 1818 666 1859 munera
679 1794 932 1883 baeepropoeita
953 1821 1009 1885 per
1038 1811 1126 1864 tuam

56 1824 294 1968 benignitatem
329 1892 359 1941 et
379 1881 447 1959 fac,
470 1895 507 1943 ut
526 1882 645 1945 oblatio
665 1895 771 1945 nosue
791 1880 878 1968 grata
898 1897 929 1947 et
947 1886 1125 1971 acceptabi-

56 1971 97 2032 lis
120 1971 176 2045 sit,
188 1988 255 2050 per
274 1967 417 2049 spiritum
436 1963 790 2047 sanctum-sanctificata,
818 1970 851 2029 in
871 1972 1126 2054 propitiationem

56 2065 255 2140 peccatorum
278 2060 474 2127 n'ostrorutu,
507 2064 538 2113 et
555 2054 689 2135 *eorum
712 2072 791 2135 qnae
810 2053 946 2139 populus
966 2076 1024 2136 per
1033 2058 1126 2140 igno-

58 2141 186 2200 rantiam
207 2135 343 2213 admisit,
365 2146 396 2197 et
416 2136 448 2195 iu
467 2130 606 2219 requiem
626 2138 803 2201 animarum
815 2158 945 2216 eornm,
979 2141 1033 2220 qui
1055 2153 1179 2216 anterio
1192 2152 1286 2199 tenne·

58 2245 115 2284 nos
138 2222 315 2295 dormiunt,
339 2231 376 2279 ut
398 2230 428 2280 et
446 2239 504 2281 nos
522 2218 666 2302 abjecti,
690 2231 720 2280 et
762 2233 939 2297 eceatores,
971 2233 1003 2280 et
1023 2213 1176 2307 indigssu'·

58 2311 91 2368 ni
112 2308 190 2367 servi
211 2306 278 2381 tui,
300 2302 384 2388 digni
406 2302 516 2381 habiti,
538 2306 594 2384 qui
616 2305 682 2362 sine
703 2242 775 2363 dolo
795 2304 1001 2363 ministremus
1023 2320 1128 2367 sancto

61 2392 150 2453 altari
172 2402 247 2466 tuo,
278 2387 451 2449 mercedem
490 2390 674 2469 accipiamus
705 2384 842 2483 {idalium
872 2397 902 2446 et
932 2386 1130 2469 prudentium

62 2477 321 2558 dispensatorum,
355 2475 544 2557 gratiamque
575 2470 760 2529 inveniamus
783 2481 813 2528 et
831 2470 1070 2533 misericordiam
1084 2476 1130 2534 'iu

62 2561 111 2621 die
143 2558 211 2620 illa.
221 2558 378 2619 tremenda
412 2554 625 2614 retributionis
653 2565 725 2614 tuae
753 2554 854 2634 justae
888 2553 1046 2618 athenae.
1087 2557 1131 2619 Et

63 2644 217 2705 nonnullis
250 2641 433 2721 interjectis:
468 2640 617 2719 Miserere
643 2640 755 2698 nostri:
778 2637 1024 2721 quandoquidem
1044 2662 1131 2704 rere·
1205 2686 1209 2693 -

63 2749 134 2789 mur
155 2750 190 2788 ae
211 2728 394 2797 tremimus,
416 2743 487 2782 cum
507 2733 595 2781 tuum
616 2734 753 2782 sanctum
771 2723 864 2785 altare
878 2725 1131 2788 uobisaeccden·

64 2814 138 2874 dum
170 2823 240 2886 est,
277 2820 308 2868 et
341 2805 529 2869 offerendum
551 2805 733 2868 sacrificium
760 2805 822 2869 hoc
844 2810 1010 2870 verendum
1032 2823 1062 2871 et
1081 2813 1130 2871 in·

63 2907 224 2958 cruentum
255 2910 315 2975 pro
347 2892 459 2952 nostris
492 2893 647 2976 peccatis,
681 2904 712 2954 et
732 2913 793 2977 pro
812 2895 872 2973 iis,
895 2914 973 2977 quae
993 2890 1129 2979 populus

13 3046 17 3053 ,
62 3001 121 3067 per
142 2978 343 3061 ignorantiam
365 2975 492 3036 admisit.

149 3074 180 3129 3.
221 3059 402 3121 'BASILIUS
422 3063 549 3144 Magnus
571 3063 603 3123 in
623 3063 763 3147 Litargia
783 3083 859 3125 sua:
880 3062 929 3122 Da
949 3061 1081 3123 Domine
1102 3072 1304 3143 eteropttntogs.

64 3168 125 3235 pro
148 3144 292 3208 omnibus
313 3146 424 3204 nostris
444 3148 593 3226 peccatis,
616 3158 646 3209 et
666 3147 777 3230 populi
797 3149 843 3208 tui
865 3148 1056 3229 ignorantia,
1079 3132 1305 3208 ae-”Pw'm

10 3220 12 3231 ¹
67 3230 220 3315 ceptabile
259 3241 289 3290 et
325 3228 520 3311 susceptibile
547 3228 617 3291 fieri
637 3228 820 3291 sacrificium
842 3242 983 3291 nostrum
1004 3231 1036 3289 in
1057 3251 1134 3293 con·-

66 3338 80 3379 e
104 3330 175 3379 ectu
205 3325 272 3374 tuo.
326 3311 475 3373 Ibidemz²
491 3313 619 3397 Suscipe
646 3324 702 3375 nos
728 3317 1011 3399 appropinquantes
1027 3328 1134 3377 sancto

66 3338 156 3463 altari
189 3411 268 3476 tuo,
301 3398 469 3459 secundum
497 3397 723 3477 multitudinem
743 3399 968 3459 misericordiae
988 3410 1077 3478 tuae,
1100 3404 1137 3462 ut'
1171 3392 1176 3409 ⁵

68 3487 161 3547 umus
196 3483 282 3567 digni
313 3479 425 3543 offerre
455 3480 514 3542 tibi
536 3483 720 3544 rationabile
740 3482 843 3561 istud,
880 3494 910 3544 ct
929 3483 1044 3565 absque
1064 3504 1137 3545 san·

70 3571 161 3655 gnine
185 3566 368 3628 sacrificium
402 3587 461 3649 pro
482 3568 595 3627 nostris
615 3569 748 3651 peccatis
769 3579 801 3628 et
821 3567 931 3653 populi
956 3570 1140 3654 ignorantia.¹
1214 3562 1216 3567 ’

156 3664 188 3722 n.
232 3649 556 3713 CHRYSOSTOMUS
577 3652 610 3709 in
634 3652 772 3735 Liturgia
804 3674 873 3714 sna:
897 3653 961 3714 Fac
985 3673 1043 3713 nos
1068 3653 1139 3736 dig-

71 3740 150 3812 nos,
172 3748 209 3798 ut
234 3736 393 3797 offeramus
414 3735 472 3796 tibi
501 3735 757 3819 deprecationes,
780 3749 811 3797 et
827 3737 1088 3819 supplicationes,
1108 3746 1140 3796 et

66 3820 223 3885 'sacrificia
247 3819 439 3882 immaculata
464 3841 522 3904 pro
540 3819 660 3904 populo
681 3832 746 3880 tuo.
790 3820 832 3880 Et
852 3833 1054 3903 postpauca:
1079 3821 1141 3881 Mi-

72 3908 205 3967 nistrare
222 3906 303 3983 tibi,
325 3926 466 3990 magnum
485 3924 521 3966 ac
548 3904 781 3966 formidandum
801 3907 891 3964 etiam
912 3904 1143 3989 supercaelesti-

74 3990 134 4052 bus
166 3991 342 4071 virtutibus.
390 3989 531 4051 Attamen
583 4003 689 4073 ropter
712 3988 894 4051 ineffabilem
914 4000 945 4050 et
970 3992 1144 4051 immensam

77 4086 163 4135 tuam
188 4074 408 4136 humanitatem
430 4011 582 4157 intrepidis
609 4086 641 4136 et
660 4073 899 4136 irrevocabiliter
918 4074 1016 4136 factus
1031 4096 1063 4137 es
1087 4073 1147 4135 hos

76 4176 152 4240 ¹¹¹⁰>
173 4172 357 4223 ets11111111118
373 4160 644 4247 pontifexnoster.
686 4155 916 4224 Sacrificiorum
945 4161 1039 4224 ritum
1061 4158 1150 4221 insti-

133 4286 245 4330 cauteiae
259 4288 284 4329 τ.
299 4288 330 4329 11.
895 4285 940 4347 13
