2790 4792
333 330 866 403 ancnaarsrraa.
1033 294 1121 406 '121

68 525 181 590 Missae
201 512 321 609 'partem
344 504 467 601 incant)
495 523 539 581 sic
563 518 636 580 alibi
658 517 747 602 legit:
786 514 979 579 confidentes
998 528 1055 577 tuo
1076 535 1126 575 sa-

71 632 129 671 cro
150 609 238 669 altari
258 610 550 692 appropinquamus,
576 615 606 663 ct
636 612 841 684 proponentes
865 601 1000 659 lolem
1030 601 1126 660 sancti

71 694 217 777 corporis
238 706 268 753 et
287 695 433 776 sanguinis
447 691 560 750 Christi
581 688 637 762 tui,
659 696 690 745 te
711 700 871 767 precamur
890 680 920 745 'et
943 688 1126 744 invocamus.
1174 702 1179 714 ·

70 778 116 839 Et
138 797 217 858 quae
237 776 374 858 deinceps
394 785 574 856 sequuntur,
591 771 767 830 sententiam
789 772 883 851 patris
904 769 1030 851 amplius
1051 786 1129 835 con-

71 860 207 936 firmant,
228 861 311 941 quod
324 873 390 920 ante
404 856 672 919 sanctificationem
695 851 827 909 emm
846 856 1033 911 vocaverint:
1055 861 1129 934 post

68 955 326 1005 consecrationem
347 957 464 1018 autem,
484 958 595 1019 corpus
617 938 740 997 Domini
762 947 792 995 ct
813 937 985 1020 sanguinem
1006 935 1126 1010 Christi,
1139 937 1295 1026 ¹⁶?51ff¹‘·²¹·

66 1012 224 1110 atqueita
240 1050 301 1088 esse
321 1030 500 1088 creduntur.
543 1023 604 1081 Sed
627 1023 762 1104 generosi
791 1020 852 1094 isti,
876 1038 1029 1082 sacrarum
1053 1000 1162 1077 ima-¹¹¹
1216 1001 1251 1042 μ’

64 1116 172 1197 ginum
193 1115 346 1197 cupientes
380 1106 664 1190 contemplationem
688 1105 875 1180 obscurare,
900 1103 986 1161 aliam
1013 1103 1130 1161 scilicet

62 1200 227 1281 imaginem
247 1197 496 1266 introduxerunt,
518 1210 594 1270 quae
615 1209 684 1248 sane
703 1208 765 1246 non
787 1189 886 1269 imago
908 1198 969 1260 est,
993 1186 1045 1244 sed
1063 1205 1133 1242 cor-

59 1300 123 1365 pus
148 1292 180 1342 et
198 1284 330 1364 sanguis.
374 1276 491 1335 Verum
509 1274 629 1333 val'ritia
650 1283 680 1331 et
698 1271 894 1352 improbitate
910 1269 1040 1344 confusi,
1057 1266 1134 1326 falso

67 1363 260 1448 sophismate
284 1351 414 1442 seipsos
441 1359 632 1432 subvertunt,
653 1356 858 1416 hancsacram
881 1352 1064 1412 oblationem
1079 1371 1139 1433 po-

62 1451 179 1509 sitione
204 1445 275 1504 fieri
301 1445 444 1503 dicentes.
486 1442 599 1502 Verum
633 1437 886 1520 quemadmodum
914 1437 997 1495 istud
1026 1434 1136 1506 dicere,
1148 1433 1308 1524 3:522103113

62 1543 179 1614 aperta
199 1529 316 1586 insania
342 1536 403 1583 est:
426 1526 467 1582 sic
492 1536 522 1584 et
549 1525 709 1606 imaginem,
723 1542 853 1582 asserere
871 1539 984 1602 corpus
1015 1531 1046 1578 et
1063 1533 1219 1583 cru-praa.
1242 1540 1277 1573 sn
1291 1507 1309 1594 ,⁶

66 1634 161 1674 orem
181 1610 330 1683 Domini,
349 1607 484 1687 ejusdem
506 1619 552 1669 est
572 1607 744 1668 dementiae.
787 1606 828 1666 Et
847 1617 968 1688 praeter
987 1603 1029 1679 id,
1048 1603 1132 1684 quod
1145 1583 1308 1685 {1⁰¹5}ssssssss

71 1711 121 1756 est
145 1692 308 1775 singularis
329 1690 470 1752 ruditatis
498 1713 596 1775 opus,
618 1693 799 1774 impietatem
820 1709 945 1772 quoque
974 1687 1132 1747 admixtam
1143 1691 1255 1721 uouere.

75 1776 191 1926 hebeg:
237 1857 461 1919 CONCILIUM
479 1859 576 1918 Later.
603 1879 699 1942 magn.
722 1858 779 1919 sub
807 1857 961 1917 Innocens
985 1856 1041 1916 ΙΙΙ.
1063 1875 1097 1915 ca

1143 1850 1236 1892 vernn
1255 1861 1306 1891 eor·

1099 1877 1129 1997 f'
1141 1902 1205 1953 poris
1219 1906 1242 1939 st
1255 1911 1307 1939 sna-

73 1958 122 2015 μ
167 1944 235 2002 Una
258 1954 303 2002 est
323 1938 457 2002 fidelium
483 1943 657 2009 universalis
678 1942 820 2016 Ecclesia,
843 1955 926 2002 extra
948 1962 1037 2023 quam
1058 1949 1281 2058 ⁰U·};{:{2,:{²⁵

71 2026 118 2088 lus
142 2029 268 2087 omnino
289 2027 435 2103 salvatur,
460 2027 568 2108 inqua
592 2025 671 2086 idem
695 2029 760 2108 ipse
785 2028 925 2088 sacerdos
954 2037 983 2085 et
1010 2022 1177 2088 sacrifi-a..
1191 2054 1213 2086 a
1227 2007 1307 2087 vasli*

73 2113 154 2172 cium
174 2112 261 2169 Jesus
284 2109 428 2183 Christus,
451 2115 538 2191 cujus
558 2132 668 2193 eorpus
690 2123 721 2169 et
741 2111 860 2192 sanguis
883 2113 915 2170 in
935 2110 1129 2168 Sacramenta
1141 2097 1309 2186 ,Tffl'l'm'

75 2194 179 2254 altaris
208 2193 266 2253 sub
299 2195 454 2276 speciebus
484 2198 569 2277 panis
599 2207 629 2253 et
657 2196 719 2252 vinr
747 2195 895 2252 veraciter
926 2194 1131 2264 continentur,
1251 2185 1261 2198 '¹

78 2276 351 2337 transubstantiatis
371 2300 449 2362 pane
466 2280 496 2338 in
515 2298 648 2359 corpus,
677 2289 709 2335 et
728 2279 800 2334 vino
824 2278 855 2332 in
881 2277 1054 2355 sanguinem
1075 2292 1134 2354 po·

74 2372 182 2421 testate
201 2354 318 2437 divina,
340 2375 375 2423 ut
396 2363 435 2422 ad
457 2360 678 2444 perficiendum
699 2360 873 2432 mysterium
896 2359 1029 2432 unitatis,
1053 2357 1135 2414 acci-

75 2464 193 2527 piamus
213 2446 270 2528 ipsi
295 2445 332 2505 de
352 2467 418 2522 sno,
440 2445 526 2526 quod
551 2444 674 2522 accepit·
694 2444 760 2523 ipse
786 2441 823 2499 de
845 2452 962 2499 nostro.
1006 2439 1047 2499 Et
1075 2439 1309 2551 h⁰⁰,⁸,⁰,¹³,}22{{{2'
1384 2452 1387 2461 ·

72 2529 180 2609 utique
213 2543 431 2589 sacramentum
462 2549 550 2586 nemo
575 2536 678 2607 potest
702 2522 861 2598 conficere,
894 2525 951 2583 nisi
981 2522 1132 2599 sacerdos,
1145 2560 1292 2592 ..mm

76 2614 130 2693 qui
155 2612 248 2672 fuerit
276 2615 334 2672 rite
363 2611 521 2671 ordinatus
549 2609 716 2669 secundum
745 2609 839 2668 claves
868 2607 1037 2683 Ecclesiae,
1060 2624 1134 2688 quas

74 2697 142 2780 ipse
164 2697 313 2756 concessit
329 2695 482 2777 Apostolis
502 2705 533 2754 et
560 2714 664 2752 eorum
682 2693 904 2753 successoribus
932 2694 1018 2754 Jesus
1043 2691 1136 2752 Chri-

73 2792 150 2840 81⁰8·

160 2874 189 2927 6.
232 2857 459 2918 CONCILIUM
480 2861 706 2922 Constantiense
731 2864 862 2923 sessione
887 2873 993 2921 octava
1005 2904 1014 2937 ,
1047 2853 1311 2942 dam-{gffirbm-

72 2959 126 3008 nat
151 2943 211 3005 hos
231 2954 292 3001 tres
316 2946 431 3024 primos
453 2945 595 3005 articulos
626 2947 750 3006 loannis
775 2944 916 3005 Wiclelfz
959 2944 1135 3003 Substantia

75 3031 168 3115 panis
192 3026 352 3086 materialis
371 3039 400 3086 et
423 3028 558 3088 similiter
581 3029 748 3089 substantia
773 3033 835 3089 vini
863 3027 1045 3100 materialis,
1071 3045 1136 3084 ma-

74 3126 127 3175 net
165 3112 198 3170 in
227 3108 420 3170 Sacramenta
445 3110 562 3172 altaris:
584 3127 614 3179 2.
635 3113 809 3174 decidentia
829 3113 913 3194 panis
938 3131 1000 3169 non
1019 3120 1138 3167 manent
1149 3096 1312 3197 ξιξῗᾶζζξζῖζϋ

74 3198 139 3258 sine
162 3192 305 3272 subjecto
327 3196 358 3253 in
385 3195 490 3254 eodem
511 3196 718 3260 Sacramenta:
741 3210 770 3264 5.
794 3196 932 3255 Christus
954 3204 1078 3253 nonest
1103 3193 1132 3249 in
1146 3198 1310 3297 {pppufpffi

73 3281 184 3342 eodem
206 3278 404 3339 Sacramento
424 3279 561 3354 identice,
584 3292 614 3340 et
634 3282 756 3343 realiter
786 3282 817 3339 in
840 3280 964 3362 propria
991 3297 1134 3361 praesen·
1147 3301 1299 3336 aeramento.

73 3366 117 3426 tia
149 3361 316 3444 corporali.
1210 3423 1216 3434 Ι
1291 3420 1298 3435 .

160 3460 190 3515 7.
233 3444 460 3505 CONCILIUM
479 3442 703 3508 Florentinum:
734 3449 846 3508 Forma
869 3446 1052 3507 Sacramenti
1068 3420 1311 3513 Ειι-Κῗξζζῃᾞᾞξ

74 3530 236 3592 charistiae
264 3542 333 3589 sunt
352 3528 446 3588 verba
467 3528 647 3608 salvatoris,
669 3531 780 3613 quibus
810 3531 871 3591 hoc
893 3529 1057 3591 conficitur
1077 3521 1312 3612 Sa-trssgffiffffij

75 3625 285 3677 crementum:
316 3613 466 3673 Sacerdos
488 3615 565 3673 enim
582 3617 613 3672 in
632 3636 761 3697 persona
783 3614 897 3675 Christi
914 3616 1052 3696 loquens,
1073 3612 1134 3672 hoc
1147 3621 1224 3664 tinio·

76 3698 204 3760 conficit
223 3697 457 3757 Sacramentum.
500 3697 576 3756 Nam
589 3700 724 3780 ipsorum
742 3698 906 3759 verborum
921 3702 1042 3773 virtute,
1061 3695 1138 3766 sub-

79 3785 186 3843 stantia
208 3781 294 3861 panis
318 3782 349 3838 in
374 3801 485 3864 eorpus
517 3781 654 3857 Christi,
687 3794 716 3841 et
741 3783 909 3842 substantia
931 3784 992 3840 vini
1018 3783 1047 3840 in
1067 3802 1139 3841 san-

83 3869 201 3946 gninem
218 3877 447 3941 convertuntur,
472 3868 514 3927 ita
531 3877 648 3942 tamen,
678 3866 762 3947 quod
784 3877 871 3927 totns
899 3864 1036 3926 Christus
1061 3850 1313 3951 con-ffssffibssllp,

81 3949 190 4011 tinetm
202 3947 261 4009 sub
278 3951 377 4030 specie
388 3953 483 4032 panis,
498 3961 527 4012 et
542 3962 623 4011 totus
640 3949 698 4011 sub
710 3953 810 4034 specie
835 3950 905 4025 vini,
927 3947 983 4009 sub
1004 3949 1137 4033 qualibet
1149 3952 1224 4040 eura
1243 3945 1313 4000 parti·

81 4050 208 4114 qnoque
225 4043 313 4116 parte
333 4031 448 4094 hostiae
465 4047 676 4112 consecratae„
706 4048 737 4096 et
766 4036 828 4096 vini
843 4036 1027 4112 'consecrati,
1049 4011 1216 4116 sepa-⁰¹⁸⁸*

79 4117 203 4197 ratione
223 4118 313 4189 laeta,
339 4127 422 4176 totus
442 4132 487 4179 est
508 4117 656 4181 Christus.

160 4212 189 4273 s.
234 4198 461 4262 CONCILIUM
480 4202 566 4264 -Trid
602 4221 673 4267 sess.
711 4214 762 4274 13.
788 4198 937 4292 eap.'1..·
974 4200 1136 4284 Principio
