2782 4786
110 327 112 333 ·
158 279 297 427 ί’μβ
461 303 1113 397 ‘nossentne-uro*
1337 294 1342 381 l

24 574 26 582 .
129 517 131 521 ’
178 488 307 597 'patin
337 510 420 588 Tyro
447 520 478 570 et
497 504 614 567 Sidone
635 504 734 573 iactae
751 506 888 570 inissent
910 509 1047 584 virtutes,
1077 526 1157 589 quae
1192 503 1292 566 factae

192 610 204 683 Ῐ.
223 629 295 681 sunt
315 620 347 679 in
371 614 470 690 vobis,
490 611 566 689 olim
586 615 619 674 in
633 615 737 679 cilicio
757 626 790 677 et
804 617 908 677 cinere
925 615 1064 676 sedentes
1084 613 1290 695 poeniterent.

293 743 463 811 -tudttu
483 736 555 806 Νι
597 742 639 804 Et
659 739 797 829 clamavi}
824 734 923 805 omnis
953 742 1087 828 populus
1120 742 1161 802 ad
1183 741 1295 800 Domi-

83 843 89 859 ’
148 922 153 938 ,
196 877 198 883 ’
225 843 300 918 num
321 853 462 912 instantia
482 869 611 933 magna,
629 861 660 910 et
673 828 915 913 ¹humiliaverunt
935 855 1046 910 animas
1068 869 1137 909 snas
1160 850 1203 908 in·
1218 849 1297 907 ieiu-

211 944 287 1023 ὀἰδ
305 972 336 1020 et
356 956 563 1034 orationibus,
585 954 698 1040 ipsi'et
727 957 869 1016 mulieres
897 966 1011 1015 eorum.
1063 955 1105 1016 Et
1125 953 1298 1013 induerunt

228 1087 262 1128 se
283 1064 456 1145 sacerdotes
472 1064 592 1140 ciliciis,
612 1075 643 1124 et
662 1061 790 1124 infantes
812 1072 1042 1146 prostraverunt
1055 1075 1164 1122 contra
1186 1061 1296 1120 faciem

230 1158 335 1256 templi
354 1173 490 1255 Domini,
516 1183 547 1232 et
567 1169 662 1254 altare
673 1171 797 1231 Domini
813 1165 1003 1253 operuerunt
1021 1169 1129 1229 cilicio.
1174 1167 1219 1227 Et
1236 1167 1301 1226 cla-

182 1334 186 1351 ,
230 1279 445 1340 moveruntad
466 1279 633 1340 Dominum
652 1278 754 1338 Deum
778 1277 871 1337 Israel
903 1277 1100 1351 unanimiter,
1122 1295 1161 1334 ne
1187 1274 1300 1333 daren-

208 1378 210 1385 ’
232 1400 287 1448 tur
307 1390 338 1447 in
354 1386 497 1470 praedam
509 1383 781 1460 ‘infantes'eoium‚
805 1396 835 1444 et
855 1403 964 1442 uxores
986 1403 1093 1442 eorum
1115 1383 1145 1440 in
1169 1380 1300 1441 divisio-

232 1513 318 1570 nem,
339 1504 371 1554 et
391 1493 525 1554 civitates
547 1513 654 1553 eornm
674 1489 705 1552 in
727 1492 944 1567 exterminium,
963 1484 1116 1549 et'sancta
1138 1508 1248 1548 eorum
1269 1489 1300 1546 in

231 1596 445 1685 pollutionem,
466 1612 497 1661 ct
518 1595 629 1660 fierent
647 1596 678 1659 in
694 1597 898 1683 opprobrium
911 1595 1068 1656 Gentibus.
1111 1596 1202 1654 Tunc
1215 1594 1300 1653 Elia-

210 1687 318 1766 sehim
339 1705 480 1767 sacerdos
498 1708 622 1767 Domini
643 1726 768 1790 magnus
789 1705 928 1785 circuivit
949 1687 1067 1764 omnem
1087 1702 1200 1778 Israel,
1223 1701 1300 1761 allo-

232 1825 385 1892 cutusque
401 1825 444 1873 est
465 1833 527 1890 eos,
550 1815 670 1876 dicens:
712 1811 839 1888 Scitote,
860 1812 1001 1891 quoniam
1032 1809 1169 1869 exaudiet
1190 1809 1301 1868 Domi-

234 1936 292 1976 nus
312 1920 417 1999 preces
438 1931 570 1996 vestras,
592 1922 618 1979 si
638 1922 789 1978 manentes
814 1917 1035 2000 permanseritis
1064 1917 1097 1974 iu
1126 1916 1243 1975 ieiuniis
1265 1926 1296 1976 et

237 2021 432 2082 orationibus
450 2025 492 2084 -iu
522 2035 687 2107 conspectu
714 2025 848 2083 Domini.
904 2025 1053 2082 Memores
1075 2031 1168 2082 estote
1192 2020 1294 2095 Moysi

205 2122 316 2200 -servi
335 2128 470 2208 Domini,
492 2130 547 2213 qui
569 2129 692 2191 Amalec
714 2127 916 2189 confidentem
936 2130 967 2188 in
991 2133 1105 2190 virtute
1126 2147 1187 2203 sua,
1209 2138 1240 2186 et
1259 2128 1293 2185 in

217 2293 219 2302 ,
235 2236 374 2317 potentia
395 2256 459 2313 sua,
481 2247 511 2296 et
522 2235 554 2295 in
572 2237 704 2297 exercitu
723 2256 796 2312 suo,
812 2247 842 2296 et
863 2214 895 2294 i'n
909 2235 1021 2318 clypeis
1037 2238 1110 2312 suis,
1132 2245 1161 2295 et
1172 2235 1206 2292 in
1222 2253 1298 2292 cnr-

211 2400 215 2411 ,
235 2339 322 2427 ribus
342 2340 414 2420 suis,
436 2354 467 2403 et
486 2343 520 2403 iu
554 2340 710 2424 equitibus
736 2344 814 2418 suis,
835 2362 898 2403 non
918 2341 1002 2402 ferro
1034 2341 1224 2425 pugnando,
1246 2336 1300 2400 sed

65 2428 71 2444 .
126 2454 130 2459 ”
236 2444 378 2533 precibus
400 2450 509 2533 sanctis
524 2444 658 2533 *orando
689 2449 815 2511 deiecit:
842 2450 886 2510 sic
919 2456 1015 2513 erunt*
1037 2450 1173 2509 universi
1196 2447 1297 2510 hostes

235 2550 340 2630 Israel,
362 2554 387 2614 si
402 2544 663 2637 perseveraveritis
684 2557 716 2615 in
737 2554 798 2616 boc
827 2575 928 2638 opere,
943 2555 1030 2637 quod
1053 2556 1204 2637 coepistis.
1247 2553 1295 2614 Ad

235 2658 314 2720 banc
335 2658 429 2744 igitur
448 2656 694 2741 exhortationem¹
709 2662 776 2743 ejus
797 2653 990 2746 deprecantes
1023 2661 1204 2739 Dominum,
1224 2682 1296 2744 per-

234 2763 397 2825 manebant
416 2766 447 2826 in
470 2777 632 2850 conspectu
652 2769 786 2850 Domini,
807 2771 849 2829 ita
870 2783 912 2830 ut¹
926 2771 1013 2829 etiam
1034 2768 1076 2844 hi,
1108 2771 1163 2849 qui
1187 2767 1317 2849 offe1·e-'

232 2868 309 2930 bant
329 2862 668 2950 Domino'holocaust'a,
689 2873 854 2957 praecincti
880 2862 983 2937 ciliciis
1011 2875 1156 2934 offerrent
1178 2872 1297 2947 sacrifi-

214 2976 280 3067 ¹cia
301 2973 452 3057 Domine,
485 2988 516 3040 et
537 2987 602 3039 erat
623 2980 697 3045 cinis
711 3000 811 3071 ¹supra
832 2981 930 3065 capita
950 3000 1064 3041 eorum.
1107 2983 1147 3042 Et
1171 3004 1207 3043 ex
1227 2994 1294 3042 toto

232 3079 327 3147 corde
350 3101 405 3146 suo
429 3100 533 3148 omnes
554 3083 684 3173 orabant
695 3085 803 3165 Deum,
825 3098 860 3149 ut
881 3089 1016 3150 visitaret
1034 3087 1186 3174 populum
1207 3109 1296 3151 suum

230 3184 335 3252 Israel.
703 3188 705 3195 ⁴

312 3319 415 3383 Item
436 3318 521 3385 VH.=
562 3321 635 3397 Filii
654 3336 753 3386 autem
772 3321 876 3405 Israel,
896 3335 933 3386 ut
953 3323 1095 3387 viderunt
1116 3320 1294 3387 multitudi-

156 3462 159 3469 ‹
229 3445 299 3499 nem
320 3426 455 3508 illorum,
471 3441 702 3513 prostraverunt
722 3451 754 3495 se
780 3446 1005 3518 superterram,
1028 3429 1187 3493 mittendes
1210 3435 1298 3492 cine·

229 3552 292 3592 rem
310 3552 401 3616 super
420 3539 518 3618 capita
528 3530 608 3628 sua,
635 3520 796 3601 unanimes.
812 3553 942 3615 orantes,
965 3550 1000 3599 ut
1019 3541 1102 3599 Deus
1123 3537 1219 3598 Israel
1237 3538 1297 3599 mi·

228 3639 424 3702 sericordiam
445 3628 536 3703 suam
551 3639 722 3706 ostenderet
736 3667 829 3729 super
850 3645 1001 3732 populum
1021 3664 1117 3708 suum.

307 3763 407 3831 Item
428 3769 536 3834 Vnt:
573 3767 620 3854 ¹Et
641 3772 674 3832 iu
704 3777 915 3857 superioribus
936 3775 1044 3836 domus
1077 3789 1149 3832 snae
1180 3767 1295 3849 (videm

104 3891 124 3911 ·=
216 3869 346 3952 iudith)
367 3876 440 3940 fecit
460 3877 520 3940 sibi
543 3888 691 3941 secretum
712 3879 897 3961 cubiculum,
923 3883 955 3942 iu
989 3902 1052 3963 quo
1085 3898 1154 3940 cum
1181 3876 1296 3961 puellis

223 3980 286 4038 suis
307 3979 408 4046 clausa
425 3984 614 4049 morabaturs
638 3991 671 4048 ei
685 3983 800 4050 babens
811 4007 904 4073 super
917 3987 1037 4050 lumbos
1053 4005 1125 4047 suos
1146 3982 1300 4064 cilicium,

222 4085 376 4197 l²⁵¹¹¹¹3bl²
408 4094 549 4152 omnibns
585 4083 692 4153 diebus
720 4097 802 4183 vitae
836 4111 908 4156 suae
928 4107 1050 4180 praeter
1071 4089 1227 4172 Sabbata,
1264 4102 1298 4154 et

139 4258 141 4262 ,
220 4196 406 4275 neomenias,
423 4211 454 4261 et
472 4199 550 4268 testa
568 4196 675 4263 domus
696 4200 802 4265 lsrael.
