2790 4792
283 293 913 425 cour1un'araouis.
1081 338 1131 410 οι

71 537 106 585 et
123 522 186 583 Del
215 523 448 597 confessionem,
473 518 568 580 veluti
592 517 685 599 signo
722 536 758 576 ac
790 530 863 582 nota
896 521 1026 603 quadam
1048 520 1137 603 megia

72 608 223 690 spiritalis
249 609 389 690 unguenti
419 605 591 665 Cbrismate
626 603 741 662 inuncti
748 645 758 678 ,
789 603 847 663 snb
882 627 914 665 ea
931 605 1042 666 visibili
1075 624 1137 663 un·

71 693 181 774 guenti
215 695 313 776 speeie
341 690 518 751 invisibilem
544 686 725 747 sanctissimi
757 685 889 770 Spiritus
911 694 1034 775 gratiam
1067 708 1137 749 sus·

67 777 99 834 ci
126 776 202 834 iunt.
441 779 444 785 ’
608 790 621 803 ·
776 777 779 784 ’

100 796 123 858 p
157 859 196 920 D.
223 872 247 926 1.
267 857 486 919 DlONYSIUS
510 853 705 939 Areopagita,
732 871 761 923 2.
785 854 928 932 Clemens,
963 870 992 923 3.
1012 847 1288 950 Termi-gasvultu·

52 933 179 1018 ¹lienus,
202 956 229 1011 4.
253 943 416 1021 Fabianus,
446 956 476 1008 5.
495 937 663 1016 Cornelius,
689 953 718 1007 6.
740 941 922 1022 Cyprianus,
957 955 985 1009 1.
1002 916 1297 1016 Cyrilluspus'elfft'liif'

72 1024 377 1105 Hierosolymitanus,
400 1039 432 1087 et
453 1038 482 1092 8.
506 1021 736 1100 Alexandrinus,
760 1037 788 1091 9.
814 1023 949 1100 Basilius,
973 1037 1019 1091 1ο.
1044 1006 1311 1098 Ρειοί-ζξξῗ,ἶ““““”

72 1130 159 1186 anus,
179 1123 216 1171 ut
238 1132 329 1194 supra
345 1125 411 1171 tum
435 1111 467 1168 in
491 1105 557 1177 hae,
580 1119 644 1166 turn
674 1109 704 1167 iu
736 1108 946 1190 superioribus
971 1110 1136 1188 quaestion.

158 1208 226 1265 11.a
249 1190 560 1257 AMPHILOCHIUS
582 1191 731 1251 lconiens.
752 1192 855 1274 Episc.
882 1195 913 1250 iu
934 1193 987 1251 vit
1017 1193 1056 1250 D.
1081 1191 1166 1250 Ba-·

71 1276 134 1337 silii
158 1282 252 1361 Magn
295 1280 475 1338 Admiratus
500 1294 624 1354 quoque
651 1277 829 1335 Maximinus
858 1277 1032 1357 Episcopus
1058 1274 1143 1333 Basi-

72 1360 104 1420 lii
133 1365 165 1420 in
184 1364 284 1420 Deum
308 1361 517 1433 dilectionem,
539 1377 689 1439 oransque
712 1362 834 1419 vestivit
855 1380 923 1418 eum
943 1359 1144 1416 resurrectio-

70 1447 118 1504 nis
142 1446 305 1504 CHRISTI
326 1442 515 1500 indumento.
557 1441 724 1522 Baptizavit
742 1455 839 1501 autem
859 1454 888 1502 ct
910 1440 1075 1516 Eubulum,
1097 1452 1128 1499 at
1154 1441 1308 1532 ffltcffum

70 1550 136 1610 que
162 1548 280 1609 ungens
304 1545 356 1584 eos
379 1536 483 1583 sancto
497 1524 664 1604 chrismate,
682 1526 810 1587 tradidit
822 1526 881 1589 illis
893 1522 1043 1586 vivificam
1061 1545 1144 1584 com·
1155 1540 1222 1598 sirius
1242 1505 1268 1580 ab
1308 1515 1317 1526 ”

70 1612 264 1672 munionem.
1153 1589 1277 1641 EP¹⁶⁶⁰⁹⁰’

170 1706 219 1760 12.
264 1688 449 1751 OPTATUS
474 1692 597 1752 Milevit.
620 1694 654 1752 L.
684 1707 713 1760 2.
747 1706 827 1755 cont.
852 1693 1023 1755 Donatista
1066 1690 1142 1752 Am·
1150 1731 1199 1771 Μ

72 1775 197 1860 pullam
215 1796 338 1856 quoque
361 1774 533 1836 Cbrismatis
555 1797 612 1860 per
635 1777 807 1855 fenestram,
830 1791 864 1838 ut
878 1779 1056 1862 frangerent
1073 1779 1219 1872 Dmfflss
1229 1780 1301 1821 ⁰¹³⁵·-

68 1862 205 1919 natistae
225 1861 427 1937 jactaverunt.
467 1859 507 1918 Et
530 1882 595 1920 cum
619 1881 719 1920 casum
734 1863 892 1943 adjuvaret
911 1862 1055 1942 abjectio,
1077 1882 1139 1923 nou
1221 1858 1227 1871 '

68 1944 179 2003 detuit
200 1963 302 2002 manus
328 1942 469 2024 angelica,
493 1965 571 2024 quae
594 1945 756 2028 ampullam
789 1947 918 2031 spiritali
943 1945 1140 2007 subvectione

69 2027 255 2086 deduceret:
275 2028 416 2108 projecta
440 2048 540 2087 casum
561 2028 674 2090 sentire
696 2051 759 2090 non
789 2038 914 2117 potuit,
941 2032 1010 2091 Deo
1039 2033 1143 2090 muni-

71 2123 151 2187 ente,
182 2109 283 2169 illaesa
304 2112 383 2169 inter
403 2130 469 2170 saxa
486 2113 632 2173 consedit.
707 2116 710 2131 '

159 2205 208 2262 15.
253 2193 477 2255 CONCILIUM
498 2197 625 2258 Roman.
648 2198 704 2256 sub
724 2196 851 2273 Sylvest.
879 2218 944 2256 can.
966 2211 1012 2264 5.:
1055 2197 1141 2256 Cou-

75 2278 173 2338 stituit
197 2281 286 2336 ctiam
305 2278 384 2337 clara
414 2299 488 2338 voce
519 2280 673 2355 sylvester
698 2280 725 2339 E
751 2283 872 2362 iscopus
903 2279 991 2340 urbis
1015 2279 1318 2367 Romaqgffstmfffi·

73 2373 108 2420 ut
119 2382 208 2421 nemo
232 2361 482 2443 presbyterorum
496 2363 645 2424 Chrisma
659 2302 834 2440 conticeret,
853 2362 971 2423 diceus:
996 2363 1141 2443 quoniam
1152 2341 1300 2466 uppib'pbi'

72 2443 215 2506 Christus
233 2467 251 2506 a
268 2445 435 2506 Cbrismate
450 2460 586 2508 vocatur.
1153 2423 1168 2465 l
1197 2430 1228 2465 ἰ’

158 2541 209 2597 14.
252 2529 478 2590 CONCILIUM
498 2531 664 2590 secundum
682 2528 918 2614 carthaginense
948 2541 1064 2591 canone
1080 2540 1145 2588 ter·

72 2613 139 2675 tio:
184 2610 234 2671 Ab
257 2616 405 2674 universis
424 2613 586 2697 Episcopis
602 2615 717 2676 dictum
739 2628 797 2675 est:
820 2611 995 2690 Cbrismatis
1020 2613 1143 2674 confec·-
1270 2682 1276 2694 ³

72 2698 119 2759 tio
141 2707 173 2755 et
194 2697 363 2780 puellarum
385 2701 576 2759 consecratio
602 2721 619 2760 a
644 2699 831 2774 bresbyteris
851 2720 911 2759 uon
933 2697 1017 2758 liant.
1151 2684 1290 2778 33:32¹?

158 2792 209 2847 15.
252 2781 478 2841 CONCILIUM
499 2786 622 2843 tertium
646 2783 883 2866 Carthaginense
910 2803 1025 2843 canone
1047 2781 1247 2874 t1·ige·¹t¹¹,⁰¹¹²¹¹²
1269 2794 1315 2822 ¹¹⁰¹

72 2865 152 2927 timo
177 2876 277 2924 sexto:
320 2866 362 2924 Ut
381 2865 543 2948 presbyter
563 2869 739 2930 inconsulto
752 2868 908 2949 Episcopo
924 2869 1053 2950 uirgines
1078 2850 1191 2926 non⁸¹’

71 2960 261 3013 consecreta·
294 2949 430 3011 Chrisma
457 2973 529 3012 vero
554 2975 708 3034 nunquam
732 2950 883 3013 conficiat.

159 3045 210 3100 16.
253 3033 478 3095 CONCILIUM
506 3036 560 3098 lv.
592 3036 735 3122 Carthag.
769 3058 833 3098 can.
853 3048 921 3102 ὅθι
963 3030 1142 3107 Presbyteri

72 3118 125 3201 qui
151 3114 213 3200 per
232 3116 383 3176 dioeceses
403 3119 542 3180 ecclesias
568 3136 686 3205 regunt,
708 3142 770 3180 non
794 3143 810 3179 a
839 3118 1031 3199 quibuslibet
1050 3116 1256 3198 Epis-curtem
1277 3146 1318 3174 us·

75 3200 258 3285 copis,'sed
275 3222 292 3261 a
310 3203 389 3261 suis:
411 3223 467 3262 nec
489 3225 545 3284 per
565 3209 718 3287 juniorem
738 3205 894 3279 clericum,
927 3202 980 3262 sed
1011 3211 1064 3261 aut
1087 3183 1316 3281 per⁴⁰l⁰²⁰¹¹⁶¹⁸”'·

73 3290 217 3369 stipant,
239 3298 292 3373 aut
310 3306 367 3367 per
379 3284 473 3360 illum,
495 3290 548 3367 qui
559 3294 723 3350 sacrarium
741 3301 834 3367 tenet,
856 3299 923 3348 ante
941 3285 1076 3347 Paschae
1092 3304 1144 3344 so·

72 3364 251 3431 liuhitaten
272 3368 410 3428 Chrisma
434 3382 548 3454 petant.

159 3465 210 3520 17.
253 3452 478 3533 CONClLlUM
498 3454 521 3513 Ι.
539 3455 674 3516 Toletan.
696 3479 761 3517 can.
777 3470 855 3524 ·20.:
903 3454 1046 3531 Quamuis
1066 3472 1143 3536 pene

70 3536 128 3599 ubi
176 3538 409 3615 eeustodiatur,
427 3549 462 3598 ut
483 3538 598 3618 absque
610 3531 768 3623 Episcopo
790 3540 927 3601 Chrisma
952 3560 1040 3599 nemo
1069 3558 1143 3596 con-

71 3559 228 3697 coabbas,
240 3633 352 3697 tamen,
377 3625 448 3702 quia
466 3624 496 3680 in
513 3622 666 3702 aliquibus
693 3626 765 3684 locis
789 3625 837 3684 vel
857 3624 1028 3708 prouinciis
1055 3613 1291 3707 pres-ecssssfflssss’

69 3702 177 3784 bytcri
197 3703 352 3767 dicuntur
368 3705 505 3769 Chrisma
519 3705 678 3783 conficere,
690 3708 805 3790 placuit
822 3726 857 3769 ex
875 3709 940 3769 bac·
953 3707 1002 3767 die
1024 3706 1144 3765 nullum
1270 3690 1277 3707 ’

71 3788 253 3867 aliurnnisi
261 3790 449 3872 Episcopum
459 3791 596 3851 Chrisma
617 3790 779 3868 conficere,
799 3804 828 3853 et
838 3813 894 3873 per
915 3792 1065 3856 dioecesin
1089 3789 1145 3848 de·

74 3876 200 3951 ctiriar'e,
223 3875 266 3933 it'a
285 3885 321 3934 ut
336 3875 374 3933 de
390 3872 514 3959 siugulis
534 3874 677 3935 Ecclesiis
698 3875 737 3936 ad
756 3873 945 3959 Episcopum
965 3870 1146 3934 antediem

74 3952 212 4019 Paschae
232 3952 353 4016 diaconi
378 3958 569 4021 destinentur
590 3970 643 4020 aut
664 3959 858 4038 subdiaconi,
888 3960 940 4040 qui
971 3959 1147 4018 confectum

77 4038 216 4104 (anama
241 4039 280 4101 ab
301 4040 459 4128 Episcopo
482 4044 678 4123 destinatum,
701 4042 842 4109 nd'diem
863 4041 999 4123 Paschae
1027 4044 1148 4128 possint

75 4120 115 4187 d
129 4123 411 4210 tempils‘del'erre.
468 4138 471 4143 '
517 4123 523 4143 ³
552 4122 555 4130 ’
584 4122 587 4129 ’
832 4140 837 4149 ’

120 4234 134 4273 ·,
161 4220 214 4283 w.
246 4208 483 4283 :CONCILIUM
498 4211 527 4275 1.
544 4210 670 4277 Vaccus.
690 4213 842 4283 canaait.
863 4212 927 4277 l’er
944 4207 1068 4297 singula
1080 4218 1149 4268 ter»
