2790 4792
320 358 324 363 '
423 340 776 412 'RAPTISML
888 346 892 353 '
1087 346 1139 415 41

75 537 156 597 dum
175 555 239 597 non
262 544 394 619 putares,
420 531 513 614 longe
533 528 618 590 aliud
638 526 672 587 in
693 524 832 588 Concilio
862 536 970 589 nostm
999 522 1141 587 omuibus

77 625 181 682 visum
203 631 257 680 est.
299 618 335 677 In
353 616 412 677 boc
438 618 526 692 enim,
552 612 637 696 quod
662 623 697 670 tu
717 611 845 695 putabas
865 633 929 674 esse
955 610 1141 687 faciendum,

77 725 173 765 nemo
192 705 351 779 consensit,
370 700 419 762 sed
443 702 575 762 universi
588 698 694 780 potius
713 696 930 771 iudicavimus„
940 696 1017 756 nulli
1037 694 1142 754 bomi-

79 806 159 849 n'um
179 800 250 847 nato
273 785 511 847 misericordiam
529 783 588 842 Dei
611 792 641 840 et
660 781 787 863 gratiam
810 780 1022 864 denegandam.
1064 774 1315 839 Namrmtmprt·

1151 841 1210 866 mum
1229 832 1297 865 Ello.

82 894 152 932 cum
173 874 316 931 Dominus
348 873 379 930 in
409 868 565 952 evangelio
588 885 644 923 suo
680 864 780 941 dicat,
803 863 898 924 Filius
921 862 1053 925 hominis
1079 884 1141 923 non
1151 874 1262 966 hgppomi

66 957 166 1030 ,venit
187 958 298 1016 animas
326 955 483 1015 bominum
512 949 661 1034 perdere,
695 948 749 1007 sed
778 948 910 1021 salvare:
944 961 1092 1031 quantum
1110 939 1205 1017 inlu„
1222 981 1243 1019 ς,
1259 975 1294 1018 5,

67 1040 171 1099 nobis
184 1053 237 1116 est,
255 1043 280 1100 si
298 1037 366 1099 fieri
383 1049 494 1121 potest,
515 1034 600 1093 nulla
620 1035 716 1091 anima
730 1030 887 1114 perdenda
898 1043 950 1092 est.
994 1031 1034 1091 Et
1049 1024 1293 1115 parilemm

79 1124 269 1206 postrDeus
292 1136 328 1182 ut
349 1140 515 1206 personam
537 1137 599 1175 non
621 1118 741 1199 accipit,
770 1117 812 1174 sic
830 1135 887 1173 nec
908 1126 1047 1189 aetatem,
1073 1135 1142 1173 cum

75 1228 110 1274 se
136 1208 277 1268 omnibus
306 1208 347 1266 ad
377 1203 512 1265 caelestis
545 1203 660 1282 gratiae
692 1200 934 1259 consecutionem
962 1196 1143 1279 aequalitate

61 1290 189 1352 ¹librata
211 1291 361 1374 praebeat
381 1299 508 1370 patrem.
552 1284 646 1360 Quod
665 1294 764 1343 antem
781 1285 812 1340 in
832 1281 957 1340 Judaica
982 1283 1144 1339 eircumci-

74 1378 162 1435 sione
184 1376 302 1435 carnali
331 1386 459 1432 octavus
477 1369 539 1429 dies
558 1366 798 1441 observabatur,
818 1374 1035 1423 sacramentum
1050 1375 1096 1422 est
1113 1366 1146 1420 in

75 1460 189 1518 umbra
208 1472 304 1537 atque
317 1458 350 1511 in
365 1455 492 1534 imagine
504 1453 787 1534 antepracmissum,
801 1449 854 1509 sed
871 1451 1009 1507 veniente
1022 1445 1146 1506 Christo

72 1538 205 1601 veritate
219 1538 419 1617 completum.
450 1536 535 1610 Quae
548 1540 647 1619 inrogo
670 1536 795 1621 cessarit
814 1532 1042 1615 superveniente
1061 1542 1148 1613 post-

73 1625 210 1685 modum
221 1622 361 1697 ueritate,
383 1631 413 1679 et
433 1618 500 1679 data
517 1620 604 1681 nobis
617 1619 745 1702 spiritali
762 1617 1001 1676 circumcisione.
1043 1614 1147 1697 Prop-

74 1721 129 1766 ter
158 1705 245 1785 quod
264 1705 418 1775 ¹neminem
446 1717 583 1784 putamus
613 1725 630 1763 a
656 1704 751 1787 gratia
775 1701 987 1783 consequenda
1011 1701 1145 1782 impedi-

76 1803 148 1849 tum
162 1806 228 1846 esse
250 1809 283 1846 ea
300 1787 372 1869 lege,
394 1809 470 1869 quae
485 1791 547 1869 jam
565 1800 679 1848 statuta
697 1797 750 1855 est,
761 1806 816 1845 nec
830 1786 994 1869 spiritalem
1009 1787 1143 1845 circum-

73 1874 227 1934 cisionem
250 1874 388 1954 impediri
412 1874 525 1932 carnali
553 1872 784 1933 circumcisione
800 1870 922 1947 debere,
951 1870 1003 1930 scd
1023 1890 1141 1928 omnem

72 1958 203 2018 omnino
227 1955 383 2015 bominem
414 1957 632 2016 admittendum
657 1976 722 2016 esse
746 1954 784 2015 ad
811 1956 937 2039 gratiam
964 1954 1136 2028 CHRISTI,

64 2040 202 2121 ¹quando
224 2052 255 2100 et
275 2040 386 2099 Petrus
401 2044 432 2099 in
449 2042 576 2102 Actibus
590 2040 810 2125 Apostolorum
830 2040 974 2123 loquatur
992 2052 1022 2100 ct
1040 2039 1135 2098 dicat:
1148 2020 1229 2119 23⁰¹·
1245 2026 1280 2070 ¹⁰'

73 2125 227 2184 Dominus
249 2124 322 2182 mihi
347 2123 435 2201 dixit,
463 2129 610 2185 neminem
631 2146 823 2184 communem
846 2123 1008 2183 dicendum
1030 2136 1060 2182 et
1079 2124 1138 2181 im-

77 2208 233 2267 mundum.
276 2210 434 2268 Caeterum
453 2213 478 2270 si
496 2211 635 2270 homines
658 2209 806 2290 impedire
826 2208 944 2289 aliquid
966 2208 1004 2267 ad
1030 2228 1138 2265 conse-

79 2293 231 2351 cutionem
251 2296 363 2377 gratiae
376 2308 491 2376 posset,
511 2298 605 2378 magis
624 2293 744 2351 adultos
764 2304 794 2350 et
806 2304 968 2373 provectos
990 2303 1019 2348 et
1040 2291 1138 2368 majo·

78 2394 128 2442 res
146 2388 220 2435 natu
236 2390 358 2460 possent
377 2380 523 2462 impedire
542 2389 669 2460 peccata
688 2378 837 2458 gratiora.
879 2374 976 2432 Porro
994 2385 1093 2431 autem
1116 2372 1140 2427 si
1152 2397 1239 2450 orgen,
1258 2410 1310 2450 rw·
1354 2422 1363 2441 ,

77 2461 168 2518 etiam
188 2464 368 2544 gravissimis
394 2464 608 2535 delictoribus,
629 2473 659 2519 et
679 2462 711 2517 in
722 2460 823 2516 Deum
835 2456 964 2516 multum
984 2468 1051 2515 ante
1068 2476 1142 2538 pec-
1151 2447 1262 2538 ffiffl'
1278 2448 1312 2489 ³¹¹·

77 2542 228 2623 cantibus,
243 2558 320 2606 'curn
339 2560 446 2630 postea
468 2546 665 2620 crediderint,
680 2545 803 2602 remissa
820 2553 1017 2625 peccatorum
1040 2541 1139 2618 datur,

74 2640 107 2687 et
127 2649 145 2687 a
166 2628 316 2712 baptismo
336 2645 427 2712 atque
454 2651 471 2688 a
494 2632 587 2712 gratia
608 2648 697 2689 nemo
722 2627 915 2709 prohibetur,
944 2639 1055 2709 quanto
1073 2647 1140 2685 ma-

73 2713 120 2794 gis
147 2715 306 2793 prohiberi
329 2737 394 2774 non
422 2714 513 2773 debet
531 2715 637 2790 infans,
661 2715 714 2795 qui
732 2733 835 2774 recens
854 2724 942 2773 natus
963 2711 1041 2770 nibil
1063 2731 1139 2795 pec·

73 2797 166 2870 cavit,
184 2801 240 2856 nisi
262 2799 348 2879 quod
372 2797 538 2858 secundnm
554 2797 649 2858 Adam
672 2798 830 2859 carnaliter
848 2810 948 2874 natus,
965 2799 1138 2879 contagium

74 2881 185 2939 mortis
206 2885 350 2962 antiquae
374 2885 470 2962 prima
487 2885 638 2944 nativitate
659 2884 829 2944 counanitl
853 2884 905 2965 qui
927 2881 965 2941 ad
987 2882 1307 2955 remlssamconfuucar.

73 2975 277 3047 peccatorum
305 2967 507 3048 accipiendam
531 2968 589 3028 boc
614 2971 681 3049 ipso
708 2968 824 3027 facilius
845 2967 971 3040 accedit,
989 2964 1072 3046 quod
1092 2964 1135 3021 illi
1147 2948 1308 3035 ξ’ζζῗὲζῖῗῖᾛ,

71 3051 275 3109 remittuntur
303 3070 363 3108 non
397 3055 537 3135 propria,
572 3053 624 3113 sed
652 3052 746 3112 aliena
775 3063 909 3134 peccata.
952 3050 996 3107 Et
1022 3040 1308 3142 ἰάοἰιῈοζοζξέξίζζξέ·

70 3132 174 3194 frater
193 3133 353 3210 carissime,
371 3133 444 3194 baec
460 3137 518 3195 fuit
535 3139 564 3196 in
582 3137 710 3197 concilio
727 3148 832 3195 nostra
855 3133 1007 3206 sententia,
1028 3152 1047 3191 a
1059 3131 1138 3211 bap·
1148 3138 1284 3181 tutantibus·

70 3219 164 3277 tismo
188 3227 283 3297 atque
303 3238 321 3277 a
340 3221 435 3300 gratia
455 3221 521 3294 Dei,
545 3225 596 3302 qui
624 3219 764 3280 omnibus
786 3219 958 3278 misericors
981 3227 1010 3274 et
1032 3214 1140 3296 benig·

70 3320 132 3361 nus
161 3313 192 3360 et
213 3303 283 3384 pius
310 3314 365 3371 est,
389 3305 536 3361 neminem
560 3327 613 3386 per
639 3325 694 3365 nos
720 3304 834 3363 debere
855 3299 1030 3383 probiberi3
1054 3299 1138 3380 quod

70 3406 144 3445 cum
168 3387 248 3447 circa
270 3389 424 3446 universos
450 3387 669 3448 observandum
688 3391 726 3446 sit
740 3401 832 3468 atque
854 3386 1053 3458 retinendum,
1072 3394 1138 3442 turn

69 3470 170 3551 magis
193 3473 273 3530 circa
294 3471 424 3532 infantes
448 3473 530 3553 ipsos
551 3484 579 3531 et
602 3494 704 3532 recens
722 3484 807 3532 natos
837 3469 1060 3531 observandum
1076 3489 1138 3549 pu·

69 3566 184 3627 mmus,
204 3554 329 3635 quihoc
348 3558 416 3639 ipso
434 3555 474 3615 de
484 3577 543 3637 ope
565 3569 677 3632 nostra,
696 3556 786 3617 aede
808 3555 910 3615 divina
931 3552 1138 3613 misericordia

69 3637 144 3722 plus
172 3652 344 3714 merentur,
368 3641 453 3720 quod
479 3643 509 3699 in
535 3643 634 3723 primo
665 3643 763 3699 statim
788 3641 948 3699 nativitatis
979 3659 1049 3698 suac
1064 3651 1138 3697 ortu

69 3722 230 3805 plorantes
253 3745 287 3783 ac
312 3723 424 3793 flentes,
449 3724 525 3784 nihil
552 3725 636 3784 aliud
658 3724 781 3800 iaciunt,
808 3746 898 3805 quam
922 3722 1136 3804 deprecantur.

159 3818 208 3873 10·
252 3808 573 3870 CHRYSOSTOMUS
591 3808 715 3868 bomilia
732 3808 769 3868 de
788 3807 883 3867 Adam
901 3820 930 3866 et
943 3806 1019 3867 Ilva:
1041 3806 1137 3868 Prae-

74 3887 157 3950 dicat
174 3889 312 3951 Ecclesia
327 3892 481 3953 Catholica
498 3895 615 3975 ubique
634 3891 749 3970 diffusa,
773 3890 884 3952 debere
899 3893 1039 3974 paruulos
1056 3890 1259 3974 bapstnvnm

1146 3941 1297 3995 baptizandos
1388 3980 1390 3986 ,

78 3975 162 4033 titari
191 3988 322 4058 propter
343 3978 506 4060 'originale
533 3990 702 4061 peccatum.
745 3977 787 4037 Et
810 3975 902 4060 patilo
930 3988 1018 4059 posta
1053 3977 1134 4053 Quia
1145 3996 1240 4050 popter
1264 3990 1310 4031 ort·

81 4052 143 4132 ipsa
165 4062 329 4141 conceptio
352 4063 415 4119 sine
439 4063 537 4122 carnis
560 4063 727 4146 cupiditate
746 4083 808 4122 non
829 4058 884 4138 fit,
917 4060 987 4120 idco
1013 4059 1073 4119 diri
1098 4058 1135 4119 de
1145 4040 1312 4127 liifiidiii*

77 4146 313 4225 transgressione
325 4146 455 4227 peccati:
477 4150 564 4206 venio
580 4149 610 4208 in
627 4147 773 4231 originale
797 4144 984 4230 cupiditatis,
1004 4155 1038 4202 ut
1056 4132 1271 4238 bap-ffiffgffi
1313 4218 1317 4223 Ι

72 4222 180 4285 tiernus
190 4228 509 4313 parvulorumabl'uat
530 4252 616 4294 omne
628 4229 777 4317 originale
796 4240 967 4316 peccatum.
1007 4224 1050 4289 Et
1064 4236 1137 4310 post
1169 4244 1199 4255 '·
1232 4286 1237 4295 .
1313 4262 1317 4271 ·
