2790 4792
271 379 353 451 2³0
509 371 591 436 uu
629 350 1096 437 succursura-'o

360 571 391 631 2.
432 552 663 620 AMBROSIUS
683 554 740 618 iib.
760 569 791 628 5·
812 553 852 619 de
873 573 999 617 sacram.
1030 574 1056 615 c.
1077 565 1123 623 tu
1144 552 1217 615 Dixi
1245 553 1347 631 vobis,

279 640 365 727 quod
394 653 463 703 ante
492 638 586 700 rerba
608 638 787 718 CHRISTI,
811 641 899 722 quod
922 639 1069 719 offertur,
1089 642 1177 721 panis
1204 638 1347 700 dicatur:

279 728 336 792 ubi
369 724 532 786 CHRISTI
557 722 653 784 verba
681 725 863 808 deprompta
894 725 1028 801 fuerint,
1062 725 1129 804 jam
1157 744 1224 784 non
1260 725 1346 806 panis

282 814 414 888 dicitur,
455 809 509 871 sed
536 828 653 892 corpus
685 809 867 895 appellatur.
932 810 1037 884 Quare
1057 828 1131 890 crgo
1153 808 1185 886 in
1206 811 1348 868 oratione

113 904 273 966 castanon·
283 897 466 970 Dominica,
499 913 577 975 quae
606 905 714 975 postea
747 895 901 975 sequitur,
942 895 1003 955 ait:
1040 891 1154 952 Panem
1183 902 1347 951 nostrum:

109 955 250 1046 pponam·
282 982 397 1042 Panem
415 978 546 1060 quidem
565 975 659 1052 dixit,
680 976 735 1038 sed
756 975 881 1034 toecsc'cm
902 975 997 1054 dixit,
1018 975 1080 1036 hoc
1101 989 1156 1052 est,
1175 975 1348 1059 supersub-

284 1062 464 1128 stantialem.
504 1060 576 1143 Non
600 1062 656 1120 iste
689 1063 776 1145 panis
799 1072 862 1139 est,
892 1063 946 1144 qni
975 1060 1060 1121 radit
1087 1061 1118 1119 in
1133 1080 1273 1142 corpus,
1297 1058 1348 1119 sed

284 1149 337 1211 ille
365 1167 452 1231 panis
481 1146 562 1206 ritae
590 1156 750 1223 aeternae,
780 1147 835 1228 qui
858 1150 974 1206 animae
1004 1156 1126 1206 nostrae
1146 1145 1348 1211 substantiam

284 1233 404 1294 fulcit·
426 1229 501 1291 Ideo
537 1249 642 1313 graece
673 1229 798 1286 incudem
819 1230 946 1296 dicitur.
993 1230 1118 1289 Latinus
1140 1240 1240 1288 autem
1267 1228 1348 1288 hunc

283 1336 391 1402 panem
410 1312 625 1397 quotidianum
649 1311 741 1390 dixit,
770 1334 861 1395 qnem
881 1314 991 1374 Graeci
1008 1314 1114 1372 dicunt
1132 1312 1349 1373 advenientem.

286 1400 370 1478 Quia
398 1397 510 1459 Graeci
537 1399 645 1458 dicunt
682 1395 724 1460 sis
758 1395 877 1454 iussim
910 1399 1002 1476 ἧμίςιι
1032 1397 1242 1457 advenientem
1263 1396 1349 1455 diem.

109 1476 275 1567 ,25:322ss
285 1485 375 1568 Ergo
392 1482 477 1564 quod
491 1483 617 1542 Latinus
640 1480 731 1558 dixit,
756 1492 787 1542 et
810 1481 898 1563 quod
928 1483 1078 1558 Graecus,
1100 1491 1270 1560 utrumque
1290 1481 1350 1541 uti·

112 1538 240 1619 uentum?
286 1568 314 1630 le
344 1566 474 1627 videtur.
511 1567 674 1637 „Graecus
705 1577 870 1647 utrumque
897 1586 962 1624 uno
992 1584 1133 1624 sermone
1158 1561 1350 1648 significarit:

286 1650 413 1714 Latinus
437 1648 654 1733 quotidianum
684 1649 769 1710 dixit.
811 1650 845 1708 Si
873 1647 1069 1729 quotidianus
1095 1659 1139 1727 est
1163 1648 1276 1730 panis,
1299 1669 1351 1708 cnr

310 1747 361 1796 ost
379 1752 497 1795 annun·
509 1730 595 1793 illum
620 1735 732 1809 sumis,
767 1733 1025 1814 quemadmodum
1048 1733 1156 1792 Graeci
1175 1733 1207 1791 in
1224 1732 1351 1793 Oriente

286 1757 390 1880 Iacere
412 1817 654 1877 consueverunt?
704 1814 816 1900 Accipe
836 1818 997 1899 quotidie,
1027 1815 1112 1898 quod
1133 1817 1274 1898 quotidie
1295 1814 1351 1876 tihi

125 1940 132 1951 ·
206 1901 210 1907 ’
287 1902 394 1985 prosit.
438 1899 586 1976 Sicvive,
623 1911 660 1959 ut
676 1902 818 1981 quotidie
842 1903 983 1961 merearis
1005 1902 1153 1980 accipere.
1206 1902 1268 1975 Qui
1289 1920 1351 1959 non

287 1994 424 2071 meretur
442 1984 582 2063 quotidie
602 1984 738 2065 accipere
745 2025 756 2059 ,
777 2004 838 2042 non
860 1997 995 2045 meretur
1014 1994 1086 2066 post
1106 2004 1218 2043 annum
1232 1985 1351 2064 accipe-

200 2101 210 2127 ·
289 2087 343 2131 re:
372 2065 531 2148 quomodo
560 2064 620 2127 Job
636 2078 756 2126 sanctus
777 2087 836 2150 pro
861 2066 930 2127 filiis
961 2070 1022 2127 suis
1040 2066 1191 2129 offerebat
1214 2066 1349 2149 quotidie

131 2142 134 2153 ¹
207 2166 210 2171 '
289 2148 493 2231 sacrificium,
525 2170 565 2210 ne
586 2150 667 2210 forte
699 2149 818 2231 aliquid
842 2151 890 2211 vel
911 2153 941 2211 in
957 2152 1075 2227 corde,
1099 2153 1147 2211 vel
1169 2154 1201 2212 in
1214 2171 1347 2211 sermone

288 2246 473 2323 peccassent.
522 2234 607 2318 Ergo
634 2246 670 2294 tu
697 2235 803 2312 audis,
827 2236 923 2318 quod,
949 2238 1194 2317 quotiescunque
1223 2234 1349 2296 offertur

290 2318 491 2397 sacrificium,
526 2338 610 2380 mors
636 2318 782 2395 Domini,
825 2321 1010 2381 resurreetio
1046 2322 1191 2397 Domini,
1224 2320 1351 2380 elevatio

264 2406 416 2474 ‚Domini
454 2400 665 2488 significetur,
696 2415 727 2462 et
762 2405 898 2465 remissio
927 2414 1140 2488 peccatorum:
1183 2415 1215 2465 et
1269 2425 1353 2464 anem

288 2491 379 2552 istum
410 2490 489 2548 ritae
513 2508 577 2548 non
597 2485 812 2569 quotidianum
839 2486 984 2548 assumis?
1026 2489 1089 2563 Qui
1116 2487 1227 2548 vulnus
1244 2425 1353 2565 Iiabet,

288 2573 468 2633 medicinam
493 2573 634 2652 requirit
689 2572 809 2634 Vulnus
833 2587 894 2649 est,
917 2573 988 2655 quia
1011 2572 1069 2632 sub
1088 2584 1217 2654 peccato
1241 2593 1352 2632 snmus.
1385 2582 1387 2588 ⁴

288 2657 440 2718 Medicina
469 2666 515 2714 est
544 2658 673 2725 caeleste
702 2667 731 2716 et
761 2657 935 2718 venerabile
962 2669 1192 2717 sacramentum.
1241 2657 1354 2718 Panem

288 2751 426 2798 nostrum
449 2738 657 2818 quotidianum
679 2739 719 2798 da
746 2739 837 2800 nobis
860 2738 963 2801 hodie.
1018 2739 1167 2816 Quotidie
1186 2743 1211 2799 si
1232 2743 1352 2826 accipis,

288 2821 427 2903 quotidie
446 2821 503 2881 tibi
526 2820 619 2881 hodie
646 2834 700 2882 est.
725 2822 960 2897 ·Sit1bih0die
981 2836 1025 2884 est
1050 2825 1264 2902 CHRISTUS,
1294 2825 1352 2888 tibi

107 2903 180 2946 Μ·
195 2908 221 2955 2·
234 2908 259 2954 ἲ·
286 2903 425 3052 quotidie
441 2908 582 2989 resurgit.
624 2905 824 2983 Quomodo?¹
856 2909 951 2970 Filius
973 2930 1056 2973 mens
1084 2929 1114 2970 es
1138 2921 1194 2987 tu,
1217 2931 1274 2995 ego
1290 2910 1351 2970 ho-

309 2992 338 3051 ie
364 2990 455 3072 genui
482 3000 522 3048 te.

369 3085 400 3140 5.
443 3072 639 3134 CYRILLUS
659 3092 797 3133 sermone
818 3083 903 3133 sexto
934 3073 972 3133 de
1006 3077 1146 3137 oratione
1174 3076 1351 3140 Dominica:

284 3157 400 3220 Panem
413 3170 553 3220 nostrum
574 3177 734 3237 vocamus,
756 3159 827 3239 quia
842 3156 1035 3221 CHRISTUS
1064 3171 1165 3221 noster
1185 3162 1252 3241 (qui
1279 3181 1350 3225 cor-

283 3263 343 3328 pus
376 3242 444 3324 ejus
475 3242 691 3326 contingimus)
711 3244 798 3324 panis
820 3250 872 3302 est.
914 3242 1006 3303 Hunc
1028 3254 1125 3305 autem
1150 3264 1260 3318 panem
1280 3245 1347 3305 dari

286 3326 375 3387 nobis
402 3326 543 3406 quotidie
568 3325 784 3411 postulamus,
820 3345 868 3400 ne,
890 3328 943 3406 qui
970 3331 1000 3387 in
1024 3329 1198 3389 CHRISTO
1226 3348 1348 3405 sumus,

126 3411 234 3478 sepum
249 3429 265 3460 ο
287 3422 317 3472 et
335 3408 556 3471 Eucharistiam
576 3409 716 3493 quotidie
737 3409 776 3471 ad
794 3409 896 3470 cibum
917 3409 1022 3473 salutis
1042 3414 1228 3494 accipimus,
1251 3416 1349 3474 inter·-

110 3471 276 3567 diffidit}
287 3493 413 3554 cedente
436 3493 541 3576 aliquo
563 3497 704 3578 graviore
728 3493 860 3570 delicto,
881 3493 954 3553 dum
972 3497 1108 3556 ‘abstenti
1133 3509 1163 3557 et
1180 3517 1243 3556 non
1263 3519 1349 3557 com-

111 3568 473 3664 ffi„⁸g‚⁸3'}jmunicantes
496 3599 512 3639 a
545 3576 664 3638 caelesti
694 3598 776 3661 pane
794 3576 1009 3662 prohibemur,
1038 3601 1056 3641 a
1080 3578 1195 3641 Christi
1212 3600 1346 3664 corpore

109 3658 201 3747 *NJ
285 3681 482 3744 separemur,
509 3663 577 3744 ipso
601 3665 795 3744 praedicante
820 3677 850 3726 et
877 3675 1035 3724 monente:
1077 3666 1144 3748 Ego
1173 3685 1241 3725 sum
1259 3665 1342 3748 panis

196 3770 200 3777 ·
284 3748 382 3823 vitae,
406 3748 461 3828 qui
492 3746 531 3806 de
556 3746 640 3806 caelo
661 3746 815 3809 descendi.
857 3747 890 3806 Si
914 3750 982 3830 quis
1006 3749 1101 3809 ederit
1118 3749 1156 3808 de
1169 3770 1237 3810 meo
1254 3767 1341 3832 pane,

281 3831 364 3891 vivet
392 3831 423 3890 in
448 3842 612 3892 aeternum.
670 3831 762 3891 Panis
789 3834 907 3907 ¹autem,
935 3853 1024 3913 quern
1043 3855 1099 3916 ego
1109 3832 1247 3910 dedero,
1270 3851 1340 3892 caro

280 3928 347 3974 mea
376 3923 421 3984 est
456 3935 517 3998 pro
539 3914 651 3977 saeculi
679 3917 749 3976 rita.
793 3914 928 3990 Quando
947 3936 1021 4000 ergo
1046 3918 1121 3979 dicit
1132 3920 1163 3978 in
1184 3931 1342 3980 aeternum

279 3998 398 4074 vivere,
431 3999 456 4060 si
493 4001 563 4082 qnis
589 3999 687 4061 ederit
718 4001 854 4080 deejus
883 4017 985 4080 panea
1006 4013 1042 4062 ut
1075 4002 1270 4071 manifestum
1287 4012 1343 4079 est,

278 4096 330 4142 ecs
350 4084 473 4159 vivere,
500 4085 552 4164 qui
577 4101 691 4168 corpus
709 4084 776 4166 ejus
791 4085 960 4164 attingunt,
982 4095 1013 4145 et
1037 4083 1265 4148 Eucharistiam
1288 4087 1344 4168 ju-

275 4183 311 4228 re
344 4168 624 4227 communicationis
651 4169 839 4253 asccipiuntt‘,¹
853 4167 895 4226 ita
916 4180 1021 4251 centra
1038 4170 1207 4234 timendum
1235 4183 1283 4231 est
1309 4179 1342 4231 et

274 4250 439 4329 orandum,
474 4267 529 4330 ne,
554 4249 630 4314 dum
651 4244 723 4338 quia
754 4244 923 4313 abdicetur
937 4256 1145 4338 separatum
1172 4252 1342 4317 CHRISTI
