2790 4792
274 219 328 309 oe
517 208 599 276 nu
645 156 1105 276 s'acannnnro

275 405 306 455 et
322 380 425 455 'foedis
454 392 648 477 indignisque
678 391 901 474 cupiditatibus
931 395 1110 457 resistamus.
1152 397 1202 460 De
1222 399 1337 485 Spiritu

274 491 379 538 sancto
400 480 563 560 accipimus
581 480 661 536 vitae
685 497 815 535 amorem
826 522 835 552 ‚
863 489 893 536 et
913 477 1029 560 gloriae
1046 480 1195 559 ardorem,
1217 498 1254 544 ut
1267 507 1336 548 suc·

275 565 356 622 censi
391 563 549 637 divinitus,
585 562 701 643 erigere
729 580 747 619 a
775 565 900 620 terrenis
930 576 1061 623 mentem
1091 564 1131 625 ad
1155 587 1289 649 superna
1309 584 1336 633 et

274 644 374 706 divina
391 645 550 706 valeamus.

102 773 262 833 omnnauo·
357 766 384 817 2.
408 750 635 811 CONCILIUM
649 748 878 810 Florentinum:
907 749 1040 812 Effectus
1061 765 1160 814 autem
1171 753 1269 838 hujus
1283 759 1333 820 Sa·

102 824 418 920 ¹²lt¹0⁸t.⁰{¹‚⁰ii{¹⁸‘eramenti
453 846 512 909 est,
548 837 618 915 quia
645 835 675 892 in
703 853 739 893 eo
762 833 853 892 datur
874 833 1004 915 Spiritus
1026 849 1148 898 sanctus
1166 840 1206 898 ad
1230 843 1331 920 robur,

275 923 356 980 sicut
380 919 478 978 datus'
495 932 540 978 est
568 917 723 999 Apostolis
747 920 778 976 in
806 917 854 976 die
874 917 1087 997 Pentecostes,
1123 933 1158 980 ut
1186 922 1332 988 Christia-

235 1029 239 1037 .
273 1022 330 1062 nus
370 1004 514 1063 audacter
548 1001 710 1079 CHRISTI
750 998 929 1060 confiteatur
959 1024 1075 1063 nomen.
1135 1006 1273 1090 Ideoque
1305 1012 1330 1070 in

275 1087 398 1162 fronte,
418 1086 474 1145 ubi
491 1086 691 1145 verecundiae
715 1084 800 1144 sedes
825 1096 887 1160 est,
921 1086 1143 1148 confirmandus
1165 1091 1327 1176 inungitur,

102 1175 147 1216 θῦν
163 1175 187 1214 ⁵¹
200 1173 312 1230 lum·ne
335 1171 447 1231 Christi
468 1191 578 1230 nomen
601 1167 740 1230 confiteri
769 1169 946 1246 erubescat,
976 1183 1005 1230 et
1029 1174 1194 1254 praecipue
1212 1197 1327 1238 crucem

99 1231 125 1319 ²1⁶.
136 1236 263 1322 u'ffll'di
275 1258 361 1335 ejus,
382 1276 459 1336 quae
479 1255 600 1313 ludaeis
632 1265 676 1314 est
692 1251 883 1329 scandalum,
907 1255 1046 1337 gentibus
1069 1269 1168 1318 autem
1196 1260 1326 1339 stultitia,

271 1352 398 1422 propter
419 1339 502 1421 quod
522 1341 607 1421 signo
629 1339 727 1399 crucis
753 1339 896 1419 signatur.

110 1466 257 1520 septiformia
359 1460 388 1513 5.
433 1445 593 1505 CLMENS
627 1445 717 1506 Pont.
753 1455 784 1503 et
813 1445 903 1503 Mart.
928 1447 1015 1526 epist.
1038 1457 1067 1512 4.
1100 1446 1138 1505 ad
1167 1449 1325 1535 discipulos

100 1517 255 1605 fflffl„
273 1551 343 1590 suos
376 1529 491 1588 Julium
519 1541 548 1589 et
579 1529 748 1589 lulianum:
779 1527 928 1586 Omnibus
958 1528 1159 1589 festinandum
1185 1546 1249 1612 est,
1269 1539 1324 1603 sine,

98 1615 245 1701 pprrvreiri·
272 1634 359 1673 mora
375 1614 491 1671 renasci
518 1613 607 1687 Deo,
631 1624 660 1671 et
681 1613 800 1672 demum
829 1613 999 1694 consignari
1032 1612 1077 1681 ab,
1087 1613 1269 1700 Episcopo,
1297 1617 1331 1679 ld,

138 1689 144 1701 ’
273 1709 327 1772 est,
351 1697 557 1778 septiformem
575 1698 700 1778 gratiam
719 1696 847 1776 Spiritus
866 1698 960 1755 sancti
986 1698 1163 1778 percipere,
1187 1711 1262 1782 quia
1283 1705 1325 1762 in·

122 1791 242 1850 refractus
272 1792 372 1839 certus
390 1791 434 1837 est
453 1781 696 1861 uniuscujusque
724 1781 817 1837 exitus
836 1780 922 1837 ritae.
966 1779 1071 1860 Quum
1087 1776 1187 1841 autem
1204 1806 1325 1870 regene-

97 1841 259 1941 fflssilffir
273 1874 356 1921 ratus
381 1863 473 1921 fuerit
496 1884 551 1943 per
576 1885 706 1942 aquam,
738 1873 767 1919 ct
795 1862 990 1941 postmodnm
1011 1865 1180 1946 septiformi
1204 1866 1324 1952 spiritua

97 1937 243 2026 qqqfipptntm
273 1948 367 2029 grati,
395 1946 433 2005 ab
466 1947 619 2029 Episcopo
653 1952 699 2023 (ut
731 1956 926 2003 memoratum
950 1950 1004 2022 est)
1022 1947 1235 2030 confirmatus,
1257 1955 1321 2034 quia

98 2036 258 2125 dtiil‘dil,
272 2030 359 2089 aliter
380 2031 531 2121 perfectus
568 2050 630 2089 esse
665 2028 850 2088 Christianus
880 2049 1072 2111 nequaquam
1102 2037 1239 2115 poterit,
1270 2055 1321 2095 nec

96 2097 209 2174 aduam.
271 2116 372 2176 sedem
394 2113 507 2176 habere
529 2116 607 2173 inter
627 2113 802 2196 perfectos,
823 2113 848 2171 si
869 2134 929 2171 non
947 2119 1141 2193 necessitate,
1165 2120 1218 2178 sed
1240 2122 1319 2180 incu-

267 2203 312 2261 ria
333 2211 385 2260 aut
408 2200 564 2259 voluntate
592 2198 788 2273 remanserit,
814 2197 863 2275 (ut
887 2216 904 2254 a
921 2197 953 2254 B.
973 2199 1067 2258 Petro
1085 2205 1277 2284 accepimus,
1295 2213 1322 2263 et

214 2288 218 2299 ‘
267 2286 376 2347 caeteri
407 2285 503 2345 sancti
540 2282 696 2366 Apostoli,
736 2280 936 2363 praecipiente
964 2283 1113 2360 Domino,
1140 2285 1321 2361 docuerunt)

266 2383 296 2431 et
325 2370 444 2429 demum
476 2388 511 2427 ex
544 2367 687 2450 operibus
720 2365 809 2425 bonis
835 2363 974 2425 ostendat
993 2368 1025 2425 in
1046 2388 1077 2426 se
1099 2369 1324 2433 similitudinem
1357 2426 1360 2431 .

265 2457 353 2534 cjus,
390 2457 444 2534 qui
470 2473 537 2511 eum
556 2459 679 2534 genuit,
711 2453 814 2535 patris.
1273 2459 1276 2466 '

93 2539 253 2640 aalma..
345 2572 373 2627 4.
416 2558 645 2617 Anuaosrns
667 2559 700 2616 n.
720 2557 776 2615 n1.
798 2558 835 2616 ae
855 2576 977 2617 sacram.
1011 2578 1075 2638 cap.
1099 2572 1145 2624 22
1178 2559 1326 2647 sequitur,

68 2630 253 2719 ,pgflgtssussfffl'
264 2642 399 2723 spiritale
437 2641 640 2722 signaculum,
670 2641 757 2720 quod
794 2642 917 2700 audistis
938 2640 1029 2699 hodie
1051 2641 1129 2724 legi,
1162 2647 1323 2728 quialpost

64 2763 67 2772 ·
90 2729 145 2769 Era.
160 2735 198 2774 1¹»
213 2734 236 2775 2·
264 2727 375 2784 fontem
398 2735 553 2806 superest,
575 2739 610 2783 ut
628 2724 773 2805 perfectio
797 2722 870 2799 fiat,
898 2723 1020 2804 quando
1043 2726 1082 2783 ad
1103 2728 1322 2791 invocationem
1353 2776 1356 2787 .

261 2809 428 2870 sacerdotis
453 2807 584 2888 Spiritus
607 2819 726 2866 sanctus
747 2807 941 2882 infunditur,
963 2809 1086 2889 spiritus
1106 2813 1271 2891 sapientiae
1294 2824 1324 2875 et

262 2893 451 2968 intellectus,
482 2891 605 2972 spiritus
638 2889 754 2949 consilii
788 2903 878 2971 atque
901 2893 1040 2967 virtutis,
1070 2895 1194 2974 spiritus
1219 2898 1350 2981 cogni--

261 2980 353 3038 tionis
367 2990 467 3058 ¹atque
494 2976 629 3056 pietatis,
655 2970 778 3056 spiritus
809 2977 902 3033 sancti
925 2977 1050 3035 timoris.
1092 2977 1216 3059 Septem
1237 2980 1321 3064 quasi

261 3066 385 3123 virtutes
421 3063 552 3142 spiritus.
608 3059 649 3117 Et
682 3079 784 3117 omnes
818 3059 940 3138 quidem
973 3061 1099 3119 virtutes
1118 3061 1160 3137 ad
1182 3066 1326 3146 spiritum

286 3151 435 3219 ertinont,
473 3143 526 3203 sed
548 3144 619 3205 istac
644 3134 729 3224 quasi
752 3142 915 3202 cardinales
938 3156 1023 3218 sunt,
1055 3144 1139 3222 quasi
1163 3142 1320 3233 principa-

197 3252 206 3269 ·
261 3169 313 3290 les.
358 3228 444 3306 Quid
472 3232 550 3287 enim
577 3239 639 3286 tam
667 3226 855 3309 principale,
886 3249 975 3307 quam
996 3227 1110 3307 pietasl
1153 3231 1241 3305 Quid
1261 3245 1319 3293 tam

260 3312 449 3396 principale,
470 3333 559 3392 quam
580 3308 712 3394 cognitio
739 3311 819 3370 Dei?
841 3311 924 3387 Quid
945 3324 1005 3370 tam
1027 3312 1204 3393 principale,
1232 3336 1318 3398 quam

259 3398 382 3456 virtus?
425 3396 509 3471 Quid
532 3408 593 3455 tam
612 3395 794 3478 principale,
822 3417 911 3476 quam
932 3393 1089 3454 consilium
1109 3397 1192 3456 Deil
1237 3396 1319 3475 Quid

259 3493 320 3540 tam
344 3478 526 3562 principale,
552 3476 644 3560 quam¹
673 3474 763 3538 timor
784 3479 865 3537 Dei?
907 3479 994 3537 Sicut
1010 3477 1106 3537 'timor
1127 3481 1242 3543 saecuti
1268 3484 1318 3543 ὶυέ

259 3561 401 3634 firmitas,
423 3563 464 3620 ita
483 3564 575 3620 timor
597 3564 655 3622 Dei
675 3558 781 3645 magna
801 3575 845 3622 est
861 3562 1019 3622 fortitudo.
1062 3563 1143 3621 Istae
1163 3579 1315 3647 suntsep-

91 3660 319 3729 ¹,00‚„2‚4tem
345 3649 493 3720 virtutes,
526 3647 648 3729 quando
676 3649 868 3729 consignaris.
918 3645 995 3704 Nam
1030 3658 1066 3705 ut
1086 3647 1128 3705 ait
1152 3645 1313 3730 Apostdlus

88 3747 110 3760 ··
124 3734 164 3777 ¹⁰·
261 3744 398 3792 sanctus:
422 3729 503 3804 Quia
519 3728 713 3789 multiformis
732 3743 793 3806 est,
816 3730 925 3810 inquit,
949 3730 1095 3811 sapientia
1118 3731 1242 3793 Domini
1260 3752 1315 3791 no-

262 3818 338 3892 stri,
361 3825 391 3873 et
410 3810 604 3872 multiformis
626 3816 770 3897 sapientia
790 3814 870 3888 Dei,
890 3813 932 3871 ita
951 3811 1144 3887 multiformia
1158 3828 1204 3876 est
1263 3815 1314 3875 iri·

259 3914 309 3960 tus
336 3910 474 3970 sanctus,
505 3898 559 3977 qui
585 3895 679 3979 habet
704 3898 832 3958 diversas
860 3895 1020 3978 variasque
1051 3897 1189 3959 virtutes.
1207 3837 1314 3960 ,dade
1343 3966 1348 3973 Ι

262 3995 292 4043 et
320 3984 404 4042 Deus
429 3981 576 4041 virtutum
596 3980 727 4043 dieitur:
761 3978 845 4061 quod
866 3980 962 4066 aptari
982 3990 1082 4065 potest
1101 3983 1182 4066 patri
1203 3993 1235 4046 et
1253 3979 1316 4055 filio

262 4077 293 4129 et
314 4065 434 4151 spiritui
450 4073 567 4127 sancto·
727 4077 733 4090 ⁶
