2790 4792
400 311 765 383 ,ponoenas
996 299 997 303 ‘
1058 323 1144 399 ooo

20 554 25 575 ,
73 504 113 565 lia
137 503 346 577 constitutos,
363 501 560 585 ⁴capitelam
600 496 800 580 Provinciae·
814 509 911 563 autem
940 501 1314 584 multo-‚antestanmpap-

20 584 23 589 ’
72 588 237 651 CHRISTI
259 587 417 648 adrentum
450 597 589 667 tempore
616 583 730 655 divisae
751 593 823 645 sunt
836 589 1017 649 mexima'ex
1031 599 1137 671 ⁴parter
1148 575 1263 664 iifflii‘i’*
1264 587 1314 662 ‹11¹ss

72 685 104 733 et
133 683 242 756 postea
272 671 309 733 ab
343 668 502 752 Apostolis
531 679 561 728 et
588 667 680 753 beato
716 665 870 727 Clemente
901 672 1138 752 praedecessore
1148 674 1239 762 ¹³⁰⁰f²³⁰t
1251 671 1315 763 uati?

71 771 182 816 nostro
208 757 271 839 ipsa
290 755 397 817 divisio
410 768 456 817 est
474 764 626 815 renovata.
670 753 714 815 Et
731 754 763 813 in
783 752 882 833 capite
901 757 1138 833 provinciarum,
1147 736 1189 775 pm
1203 736 1228 763 ⁰⁰
1241 735 1285 765 ω

73 839 130 899 ubi
152 840 267 901 dudum
290 842 433 924 primates
455 837 573 922 legibus
595 836 690 897 seculi
714 847 820 912 erant,
845 855 881 894 ae
904 839 1001 917 prima
1023 840 1139 919 judici-

73 926 140 985 aria
159 936 307 1006 potestas,
343 927 383 987 ad
400 944 477 1007 quos
503 923 556 1003 qui
581 942 637 1003 per
657 921 790 1004 reliques
815 920 949 981 civitates
970 942 1141 982 commora-

73 1006 200 1086 bantur,
224 1010 346 1092 quendo
372 1010 416 1070 eis
435 1027 556 1068 necesse
576 1016 649 1082 erat,
663 1008 727 1089 :qui
741 1005 795 1067 ⁴ud
821 1003 922 1063 aulam
942 1006 1142 1086 Imperatorlt

71 1092 122 1152 uel
145 1115 249 1177 regum
266 1094 433 1175 confugere
462 1112 525 1151 non
552 1089 788 1174 poterant‚=,1rel
820 1088 935 1170 quihus
966 1095 1143 1172 permissum

71 1196 134 1237 non
148 1190 222 1252 erat,
242 1177 462 1260 confugiebant
482 1196 542 1258 pro
557 1174 806 1259 oppressionibus
825 1173 874 1234 vel
893 1175 1051 1263 injustitiis
1064 1164 1143 1233 suis'r

71 1263 218 1344 ipsosque
248 1259 454 1344 appellabant,
478 1262 604 1341 quoties
626 1264 810 1342 optauerat,
834 1260 915 1318 sicut
934 1279 968 1318 au
993 1257 1058 1338 lege
1089 1277 1145 1315 eo-

71 1365 142 1405 rum
161 1358 358 1429 praeceptum
380 1356 460 1403 erata
482 1332 556 1426 ipsis¹
577 1366 704 1425 quoque
728 1346 762 1407 in
791 1342 967 1404 civilatibus
994 1342 1041 1401 vcl
1067 1341 1144 1400 loeis

70 1432 195 1505 nostris,
233 1425 428 1488 Patriarchas
447 1427 496 1487 vel
513 1429 671 1504 Primam,
695 1430 861 1509 quianam
879 1427 1009 1486 formam
1030 1437 1144 1498 tenent,
1155 1424 1299 1515 fssfflfifffflss

70 1511 145 1573 lieet
166 1514 285 1572 diversa
305 1514 365 1569 sint
380 1532 520 1586 uomina,
533 1512 613 1596 leges
631 1512 752 1572 diuinae
775 1526 805 1572 et
820 1510 1048 1570 Ecclesiastieae
1065 1509 1164 1590 poni·
1201 1522 1204 1527 '
1294 1488 1318 1557 =⁸⁹

70 1609 104 1656 et
129 1598 380 1674 essejusseruut,
399 1599 444 1655 ad
467 1617 546 1677 quos
576 1598 711 1679 episcopi
733 1597 768 1672 (si
795 1615 916 1655 necesse
941 1594 1146 1671 fuer-imam

69 1680 223 1760 fugerent,
245 1698 357 1759 eosque
366 1680 562 1762 appellarent,
586 1693 620 1740 et
637 1683 698 1762 ipsi
717 1680 889 1740 Primatum
913 1681 1032 1738 nomine
1059 1677 1147 1736 frue-
1205 1746 1208 1751 Ι

67 1775 190 1837 rentur,
212 1773 244 1820 et
269 1783 329 1821 nou
354 1763 414 1822 alii.
454 1764 601 1846 Reliquae
625 1763 977 1845 vero-Metropolitanae
998 1763 1146 1837 civitates,
1158 1780 1318 1841 Metropolita-

69 1866 154 1924 quae
173 1846 303 1909 minores
324 1848 443 1935 jndices
464 1848 629 1924 habebant,
648 1848 734 1928 (licet
750 1850 884 1928 majores
909 1845 1073 1905 comitibus
1100 1866 1145 1907 cs·
1158 1838 1320 1930 2¹i⁸s⁰c¹g³if⁰¹¹i·

71 1936 159 1991 scntl
182 1928 331 1989 habereut
360 1933 613 2013 Metropolitanus
635 1952 722 2006 suos,
746 1935 800 2012 qui
820 1932 987 2013 praedictis
1004 1930 1055 2005 ᾖ·
1064 1931 1146 2008 juste
1158 1902 1270 2013 gurd·

69 2010 236 2070 obedirent
254 2013 451 2089 Primatibus,
470 2018 548 2075 sicut
568 2027 599 2074 et
619 2017 651 2073 in
668 2015 788 2099 legibus
811 2014 904 2074 seculi
928 2015 1000 2073 olim
1017 2015 1151 2072 ordina-.

67 2106 228 2168 tumeret,
252 2097 306 2175 qui
324 2118 385 2156 non
402 2098 578 2174 Primatum,
600 2098 655 2159 sed
676 2111 731 2159 aut
749 2098 1072 2181 Metropolitanorum‚
1092 2108 1146 2156 aut

67 2175 335 2260 Archiepiscorum
356 2183 478 2242 nomine
491 2183 678 2242 fruerentur.
696 2208 701 2259 '.
721 2183 764 2242 Et
779 2183 850 2242 licet
869 2183 1005 2264 singulae
1024 2183 1146 2239 Metro·
1229 2216 1231 2221 ,

70 2261 157 2344 poles
175 2263 311 2322 civitates
329 2283 396 2325 suas
413 2269 587 2348 provincias
607 2265 752 2335 babeant,
775 2279 806 2324 et
832 2285 902 2323 snos
927 2264 1146 2344 Metropolita-

73 2364 128 2403 nos
145 2346 263 2425 judices
297 2346 410 2409 babere
440 2351 571 2409 debeant
594 2348 777 2429 Episcopus,
809 2349 888 2405 sieut
911 2350 994 2428 prius
1025 2350 1145 2406 Metro-

73 2429 225 2511 politanos
253 2430 372 2512 judices
398 2432 555 2491 habebant
586 2430 754 2506 seculares,
782 2430 930 2493 Primates
963 2443 1062 2490 tamen
1089 2435 1226 2503 (utentes
1242 2451 1316 2508 apo..

70 2511 237 2597 praefixum
264 2521 319 2591 est)
343 2529 374 2576 et
396 2528 481 2590 tunc,
503 2528 534 2574 et
555 2534 638 2572 nune
658 2511 772 2572 habere
786 2505 889 2593 jussae
908 2527 988 2589 sunt,
1011 2514 1050 2573 ad
1064 2502 1233 2596 quos²⁰¹¹⁰³s

69 2609 142 2682 post
161 2600 262 2659 sedem
284 2599 492 2681 Apostolicam
511 2617 629 2656 summa
650 2599 772 2680 negotia
798 2600 1000 2673 conveniant,
1025 2610 1060 2657 ut
1083 2598 1146 2656 ibi·

71 2682 142 2742 dem
166 2684 281 2762 quibus
303 2703 424 2740 necesse
448 2682 554 2752 suerit,
582 2679 755 2741 releventur
775 2694 807 2742 et
816 2684 916 2764 justae
937 2683 1144 2758 restituantur,

70 2779 104 2826 et
124 2765 168 2840 hi,
190 2768 244 2846 qui
265 2766 377 2843 injuste
397 2769 626 2847 opprimuntur,
643 2766 726 2846 juste
746 2768 950 2829 reformentur
971 2777 1061 2848 atque
1083 2765 1145 2824 ful-

71 2853 207 2921 ciantur,
240 2847 531 2929 Episcoporumque
552 2870 668 2928 causae,
690 2863 721 2912 et
745 2874 932 2913 summorum
952 2853 1146 2936 negotiorum

71 2933 195 3016 judicia
213 2929 307 3003 (salva
319 2930 514 3011 Apostolicae
526 2934 613 2996 Sedis
631 2939 825 3011 auctoritate)
849 2938 1016 3016 justissime
1037 2935 1145 2994 termi-

41 3076 45 3081 ,
71 3027 196 3076 nentur.
239 3014 321 3074 Haec
332 3019 371 3076 ab
394 3019 535 3099 antiquis,
559 3019 635 3081 haec
655 3019 695 3079 ab
716 3020 888 3102 Apostolis‚
919 3019 997 3077 hacc
1017 3040 1035 3077 a
1055 3030 1319 3085 sanc-tntpouotte

73 3101 115 3158 tis
140 3097 284 3159 Patribus
315 3103 501 3183 accepimus,
523 3105 671 3187 vobisque
702 3107 747 3180 (ut
774 3102 968 3186 postulastis)
996 3090 1256 3174 rimandu,‘¹⁰⁰⁰¹¹²⁸·

73 3194 107 3243 et
132 3180 243 3240 futuris
269 3185 398 3244 tenenda
421 3189 610 3267 temporibus
636 3189 801 3260 mittimus,
832 3199 861 3246 et
886 3186 1012 3266 reliquis
1038 3185 1145 3243 frutri—
1227 3260 1229 3265 ι

72 3265 135 3327 bus
156 3266 360 3346 praedicanda
379 3290 414 3328 ac
429 3275 545 3332 cunctis
568 3273 712 3333 fidelibus
730 3272 882 3333 ‘tradenda
906 3270 1094 3328 mandamus:
1135 3302 1140 3314 ·

82 3400 86 3405 .
159 3361 188 3417 4.
245 3331 349 3410 ITEM
381 3354 511 3436 epistola
542 3370 561 3423 5
591 3358 630 3417 ad
659 3354 761 3417 omnes
800 3357 968 3438 Episcopus
1005 3374 1040 3413 ac
1073 3352 1317 3425 reli-Primamvet

72 3454 155 3515 quos
184 3432 297 3495 Christi
318 3437 501 3516 sacerdotes,
529 3462 592 3523 cap.
612 3455 660 3508 aa
703 3441 929 3525 Episcoporum
954 3458 1027 3498 vero
1063 3416 1302 3522 orduffilli'ffl

72 3539 156 3578 unus
178 3530 232 3594 est,
260 3519 332 3579 licet
354 3525 416 3581 sint
430 3525 574 3604 primates
589 3525 651 3602 illi,
671 3529 726 3607 qni
746 3527 858 3609 primas
872 3527 1006 3584 civitates
1030 3534 1144 3597 tenent,
1156 3513 1319 3609 ffiffihfflj

73 3603 132 3681 qui
150 3613 180 3660 et
199 3603 229 3661 iu
250 3604 432 3685 quibusdam
458 3606 534 3666 locis
555 3608 753 3669 Patriarcbae
777 3630 794 3670 a
815 3608 972 3669 nonnullis
987 3619 1143 3666 vocantur.
1157 3615 1228 3657 mino·

71 3684 254 3762 libantem,
277 3691 385 3769 quiin
410 3692 580 3772 Metropoli
600 3713 616 3751 a
638 3693 730 3753 beato
755 3692 849 3755 Petro
881 3692 1032 3776 Apostolo
1056 3690 1146 3750 ordi-

71 3781 166 3829 nante
191 3770 334 3850 Domino,
360 3787 434 3835 eta
458 3774 689 3857 praedecessore
723 3789 829 3839 nostro
858 3777 1018 3863 praedicto
1041 3785 1145 3835 sancto

75 3846 240 3930 clemente,
267 3878 358 3918 seua
384 3858 475 3922 nobis
499 3860 655 3920 constituti
676 3871 768 3939 sunt,
787 3882 853 3923 nou
876 3882 979 3924 omnes
1004 3863 1147 3942 primates

75 3936 123 3995 vel
141 3938 339 4002 Patriarchae
358 3964 422 4006 esse
446 3956 585 4027 possunt,
605 3944 659 4004 sed
678 3942 748 4005 illae
767 3947 870 4022 urbes,
900 3966 980 4026 quae
1003 3943 1147 4028 praefatis

77 4030 110 4079 et
119 4024 238 4120 ‘priscis
263 4029 456 4109 temporibus
476 4033 640 4112 primatum
659 4040 805 4105 tenuere,
824 4028 1078 4089 -Patriarcharum
1096 4038 1149 4088 aut

72 4118 243 4187 primatum
264 4114 385 4172 nomine
409 4114 571 4176 fruanturz
603 4113 747 4196 reliquae·
761 4110 835 4174 ¹uero
857 4111 1058 4188 Metropoles,
1084 4114 1320 4209 Ar-fflestgpprlciff

71 4188 345 4279 cbiepiscopomm
358 4209 413 4261 aut
433 4199 746 4288 Metropolitanorum
761 4211 796 4262 et
809 4216 881 4265 mou
898 4197 1148 4271 Patriareharum
1159 4217 1269 4271 episcopi.
