2782 4786
62 300 145 415 sss

41 610 48 655 t,
103 593 191 666 jugiis
586 601 670 666 ω.

104 665 140 720 de
160 667 339 739 quorundam
359 669 538 725 sacerdotum
560 670 601 723 in·

104 741 312 806 continentium
348 742 601 810 excusationibus,
649 791 652 801 .

104 824 306 883 quaesissent,
326 815 416 869 calvis
607 822 670 880 490.

69 881 156 968 Greg.
176 886 295 955 Nysseni
313 885 349 940 <le
366 906 439 944 mira
457 887 601 944 eucharis·

105 966 163 1010 nae
182 959 212 1011 vi
232 961 372 1014 sententia

551 333 946 407 tubex·

101 519 323 581 declerieorum
339 524 599 600 qnerundsmcon·
674 478 676 483 Ι
709 519 860 581 Guilhalml
878 513 997 573 abbatis
1017 505 1256 566 retecto-aest
1322 524 1326 529 ·

741 594 842 649 recolo
861 593 934 646 inter
953 589 987 643 S.
1018 580 1242 639 Bernsrdnnst

742 667 863 723 fratrem
882 664 941 733 eins
959 659 1112 732 aliquem
1125 655 1200 710 facto
1250 659 1285 713 lli.
1325 664 1330 671 '

709 784 876 847 Guitmumli
897 776 1050 836 Avertam
1072 773 1204 859 episcopi
1220 770 1248 827 de

743 856 956 931 Berengeriana
975 848 1110 906 haeresi
1128 846 1250 916 judtcinn

742 944 771 989 et
788 928 918 989 narratio
1257 921 1298 976 lli.

70 1028 244 1101 Gregorium
262 1034 417 1106 Magnum„
438 1030 600 1090 sacerdotes
662 997 671 1014 .
707 1025 875 1087 Guitmnndi
907 1020 1000 1090 (alias
1022 1012 1198 1077 Guimnndi)
1214 1027 1253 1064 sr-

105 1118 148 1229 2¹·
157 1102 238 1160 laicis
250 1106 347 1163 subito
364 1105 540 1162 ordinandos
552 1124 599 1163 ve·

121 1191 197 1232 uisse

662 1375 732 1488 Η.

75 1613 199 1671 Habitus
217 1635 342 1707 qnorum
358 1628 407 1706 apt
432 1618 507 1702 spuis,
537 1613 608 1694 quid

76 1692 486 1839 prtlttrpoegssertetppllplpzppplotplp:
508 1699 678 1820 decen-39⁷.

112 1836 149 1888 tis
167 1849 272 1908 quanta
290 1838 341 1891 ulti
359 1839 520 1893 necessitas¹
614 1841 679 1896 252·

75 1905 210 1961 Haeresis
239 1909 316 1962 veris
343 1910 540 1963 sacerdotibus
566 1926 610 1963 ca-

741 1097 918 1172 chiepiscopi
935 1100 1053 1162 contra
1062 1092 1249 1164 lnpnatom

1184 1165 1242 1227 stt.
1257 1158 1302 1221 us

750 1612 804 1700 tio,
821 1610 946 1684 ejusque
957 1616 1136 1681 negatorum
1146 1600 1296 1728 damnem

750 1697 793 1741 tto
934 1700 953 1711 ··
1013 1701 1019 1709 ·

715 1760 909 1827 Hieronymus
924 1750 1000 1828 quid
1008 1751 1045 1807 de
1054 1718 1174 1803 illibatas
1182 1761 1249 1818 qno·
1339 1784 1342 1789 .

751 1830 823 1887 tidie
842 1825 1041 1883 offerentibus
1051 1821 1176 1878 victimas
1188 1833 1248 1872 sen·
1340 1852 1342 1857 .

752 1905 805 1959 tiat
1251 1885 1300 1949 194.

110 1993 193 2039 rens,
215 1978 353 2052 quidsibi
382 1981 533 2034 vindicare
551 1999 610 2034 non
715 1971 886 2047 Hieronymi
899 1969 938 2026 de
948 1979 1128 2044 peccatorum
1140 1963 1168 2016 in
1176 1961 1241 2030 bap·

137 2049 208 2104 ossit
281 2056 284 2077 ¹

78 2065 228 2176 nazanci
253 2120 358 2194 quibus
384 2120 419 2178 de
445 2119 539 2174 tribus
558 2119 610 2175 (la-

114 2193 244 2248 tholieos'
256 2195 376 2248 maxime
396 2193 537 2249 irrideant
636 2199 681 2263 43.

83 2266 304 2323 Haereticorurn
332 2268 407 2324 risus
436 2269 500 2343 quis
527 2285 612 2342 quarn

113 2342 151 2395 sit
166 2356 255 2394 vanus
274 2359 307 2394 ac
327 2341 428 2396 irritus

79 2412 300 2469 naereticorum
324 2414 482 2488 baptismus
542 2415 565 2466 is

115 2486 297 2610 puomodoa
323 2486 478 2542 Catholicis
525 2487 611 2542 aben-

138 2575 170 2611 us
242 2576 245 2583 ’
384 2572 388 2578 “
639 2566 682 2619 52.

79 2628 299 2684 Haereticorum
317 2631 397 2702 tropi
416 2630 466 2705 qui
485 2633 583 2704 quales
620 2641 681 2691 122.

79 2701 300 2756 Haereticorum
316 2715 398 2758 vetus
416 2721 477 2757 mos
491 2704 585 2778 qualis
623 2715 684 2766 132.

82 2774 305 2829 Haeretieorum
328 2777 436 2830 scelera
463 2789 512 2831 aut
540 2778 613 2831 blas-

117 2847 249 2920 phemiae
271 2847 398 2920 inques,
420 2864 493 2922 quae
505 2851 603 2920 quales
622 2844 684 2909 33'5.

57 2966 60 2971 .
82 2920 303 2974 Haereticorum
322 2938 368 2973 ars
386 2933 468 2977 vetus
492 2940 565 2994 quae
619 2930 684 2989 tw.

82 2992 261 3059 Haereticos‚
277 3010 378 3048 verum
393 2995 526 3049 conferre
543 2995 612 3069 bap·
681 3001 684 3009 ’

121 3067 234 3120 titmum
640 3074 685 3130 52.

83 3138 266 3201 Haereticos‚
294 3155 351 3210 quo
371 3138 463 3191 minus
482 3140 544 3193 Deo
557 3157 616 3211 per

120 3211 249 3265 homines
266 3211 391 3275 satisfiat,
413 3228 529 3282 operam
550 3210 686 3280 daretOls.

85 3283 253 3340 Haeretieos
273 3282 391 3336 salutem
404 3284 534 3339 invidere
552 3302 618 3358 par·

91 3400 96 3407 .
123 3357 196 3411 vulis
214 3365 263 3410 aut
282 3355 439 3410 infantibus

88 3430 242 3502 Haymonis
259 3428 617 3500 Helberstatensisepisce-

124 3505 156 3577 pi
176 3502 212 3556 de
232 3504 444 3558 sacramentalis
456 3502 573 3558 Ordinis
588 3502 618 3557 vi

124 3574 264 3632 sententia
476 3591 478 3594 ·
626 3582 689 3644 334·

90 3648 217 3709 Hebraei
236 3644 355 3714 alicujus
369 3646 489 3702 immane
506 3648 536 3702 in
546 3647 619 3700 lilio-

129 3725 188 3776 lum
206 3718 358 3792 proprium
376 3720 487 3774 facinus
626 3726 690 3786 ills.

93 3796 190 3850 Helias
205 3812 263 3866 quo
284 3794 419 3862 mysterio
443 3809 520 3846 snam
544 3792 620 3847 Heli-

49 3900 56 3908 -
128 3883 192 3921 saec
211 3865 363 3940 reliquerit
379 3867 512 3921 melotem
630 3872 691 3924 lot.

93 3937 226 4003 Hesychii
245 3939 279 3993 de
292 3938 466 4011 probatione
480 3949 529 3993 aut
549 3935 621 4005 diju-

129 4006 272 4062 dicatione
291 4012 333 4063 sui
352 4007 595 4085 ipsius'seutentia
630 4017 692 4070 tat.

94 4078 262 4137 Hierarchia
295 4086 484 4141 ecclesiastica
518 4085 622 4158 quibus
701 4136 703 4141 .

132 4162 181 4208 aut
199 4160 270 4221 quot
292 4156 421 4222 partibus
440 4166 552 4213 constet
630 4161 692 4222 569·

97 4221 283 4286 Hierarcltisc
311 4226 517 4288 ecclesiastices
531 4245 622 4287 asser.

482 2359 513 2403 ·,
571 2338 716 2402 caes*

618 2056 682 2116 249.
750 2050 836 2103 tismo
855 2045 1022 2099 remissione
1039 2037 1174 2094 sententia
1253 2033 1291 2084 59.

753 2120 789 2176 de
808 2114 997 2173 sacramentali
1014 2104 1227 2164 confirmatione
1238 2105 1290 2156 tos

753 2192 789 2248 de
818 2192 854 2246 iis
882 2188 936 2264 qui
950 2184 1047 2242 christi
1063 2177 1215 2235 conficiunt
1243 2245 1288 2299 m

752 2255 1240 2394 {grillilchisetlschicoChristlizia·
1289 2278 1297 2300 Ο

754 2411 866 2466 milleio
885 2425 941 2463 seu
960 2402 1098 2459 oblatione
1170 2402 1233 2453 175.
1250 2390 1304 2451 198·

757 2484 793 2538 de
812 2482 899 2537 sacris
920 2478 1063 2533 calicibus
1084 2483 1112 2528 et
1131 2468 1192 2523 aliis
1211 2461 1247 2520 ad

754 2556 791 2611 sd
808 2557 918 2610 cultum
931 2552 987 2606 Dei
1004 2543 1193 2622 spectantibus
1202 2557 1244 2593 re·

755 2639 891 2685 verenter
903 2622 1069 2679 tractandis
1163 2688 1171 2701 ι
1259 2609 1307 2665 185.

756 2703 792 2758 de
810 2699 923 2758 assidua
944 2706 996 2752 aut
1021 2697 1173 2764 frequente
1191 2701 1258 2738 com·

755 2777 892 2831 munione
913 2768 1112 2825 eucharistiae
1198 2758 1299 2845 mm

756 2847 791 2903 de
811 2858 872 2902 toto
881 2854 909 2898 et
920 2844 1057 2915 partibus
1068 2830 1299 2917 eucharistialetll·

757 2921 793 2974 de
812 2918 944 2973 moribus
969 2927 1022 2972 aut
1047 2906 1259 2967 consuetudins·

757 2989 970 3048 husecclesiae
1265 2975 1303 3028 lli·

760 3065 795 3120 de
814 3060 1030 3120 successoribus
1047 3054 1249 3130 apostolorum
1267 3047 1308 3102 ttt

759 3139 796 3193 dc
815 3134 1015 3212 poenitentiae
1035 3132 1066 3185 vi
1080 3140 1133 3184 aut
1145 3138 1303 3246 commo-w

1069 3217 1076 3225 ,
1282 3214 1308 3247 a·

759 3211 797 3265 do

759 3285 795 3339 sle
815 3277 974 3336 evomendo
983 3270 1265 3349 percensessionem

641 3361 688 3426 itit·
761 3355 870 3432 peccati
890 3368 1003 3405 veneno
1040 3362 1054 3378 ⁸
1267 3339 1309 3391 231.

769 3429 804 3483 de
824 3424 1018 3480 satisfactione
1175 3447 1178 3451 ·
1267 3411 1315 3467 603.

763 3503 799 3556 de
824 3498 1005 3555 sacerdotum
1017 3499 1020 3503 ’
1033 3491 1187 3565 dignitate
1219 3501 1261 3540 sen

742 3593 746 3602 ¹
762 3574 933 3629 auctoritate
1264 3553 1315 3612 sto.

762 3647 797 3701 tle
815 3643 1019 3719 Apostolorum
1033 3636 1138 3691 locum
1150 3627 1264 3691 tenenti·

761 3721 815 3776 bus
1044 3746 1047 3751 ·
1273 3702 1318 3761 891.

731 3831 734 3841 ’
762 3810 922 3883 devirgine
942 3824 1014 3883 quae
1031 3801 1188 3876 nupserit,
1209 3815 1264 3854 non

760 3896 897 3960 peccante
1275 3867 1321 3933 tot

763 3983 799 4038 de
818 3983 955 4055 episcopo
973 3972 1145 4042 conjugato,
1166 3965 1223 4044 qui
1242 3983 1270 4022 ss

764 4074 865 4130 gerere
882 4054 987 4109 debeat
1274 4037 1325 4102 til·

763 4151 794 4206 in
820 4151 970 4226 episcopos
997 4137 1145 4220 quosdam
1177 4140 1274 4196 invec-

764 4224 807 4280 tio
1280 4207 1331 4276 tlt
