2790 4792
320 327 888 407 ,POJENITENTQAE-
1014 340 1147 408 ‘827

78 517 140 580 snit
159 514 199 579 D.
218 516 416 601 Augustinus)
435 537 501 579 can·
524 528 592 584 79.:
632 513 837 592 Poenitentes,
850 516 903 598 qni
927 527 1041 578 attente
1065 516 1145 601 leges
1157 556 1281 604 omum„
1302 569 1326 603 ,ι

77 602 284 685 poenitentiae
300 614 511 685 exsequuntur,
532 602 558 660 ei
582 618 653 659 casu
673 599 706 657 in
719 600 829 659 itinere
849 600 895 660 vel
908 602 940 661 in
959 623 1036 662 marr
1056 622 1143 663 mor·
1156 607 1297 671 oblationes,

77 687 126 765 tui
145 686 268 761 suerint,
291 685 344 749 ubi
368 688 409 747 cis
429 685 584 747 subveniri
609 702 672 740 non
695 683 804 762 possit,
823 687 968 745 memorie
990 706 1097 747 eorum
1113 667 1197 748 etpro
1213 666 1318 703 mortun.

77 769 274 832 orationibus
291 782 320 832 et
340 769 549 833 oblationibus
570 764 809 827 commendetur.
1073 824 1074 829 .

162 867 192 920 2.
232 854 335 917 ITEM
360 875 476 916 canone
502 852 699 934 nonagesimo
718 851 847 931 quintos
882 850 952 926 ‘Qui
970 851 1140 916 oblationes

77 934 295 1007 defunctorum
318 952 372 1001 eut
396 948 507 1020 negant
532 936 682 1009 ecclesiis,
704 946 767 999 aut·
785 955 855 993 cum
872 933 1050 998 difficultate
1069 940 1138 999 red·
1150 960 1270 1014 montrum
1280 977 1319 1007 n·-

73 1018 164 1098 dunt,
186 1033 330 1103 tauquam
350 1023 502 1106 egentium
526 1030 684 1079 necatores
708 1019 1014 1083 excommunicentur.
1150 1017 1248 1058 ΝΟΜ·
1288 1047 1302 1102 ᾗ

156 1117 186 1173 ὅ.
229 1102 460 1169 CONCILIUM
478 1102 659 1163 Toletannm
670 1102 867 1163 undecimum
883 1122 998 1162 canone
1019 1104 1141 1166 duode-

71 1186 184 1265 cimos
201 1189 258 1263 ¹De
276 1191 325 1252 his
340 1200 450 1262 autem,
473 1187 527 1267 qui
543 1199 670 1270 accepta
687 1189 884 1271 poenitentia,
907 1199 1067 1269 antequam
1091 1209 1142 1248 re-

71 1271 296 1349 concilientur,
317 1272 356 1332 ab
380 1272 439 1331 hnc
459 1272 522 1330 vita
553 1274 747 1346 recesserint,
771 1269 890 1352 placuit
916 1270 1025 1349 nobis,
1048 1283 1081 1332 ut
1111 1283 1301 1362 ‘tonitrunm

69 1358 218 1417 memoria
240 1357 350 1417 talium
365 1358 395 1414 in
422 1353 553 1415 ecelesiis
573 1353 812 1431 commendetur,
831 1366 862 1415 et
879 1352 996 1416 oblatio
1011 1377 1070 1440 pro
1086 1376 1141 1417 eo·
1152 1361 1293 1448 3¹21}ng

68 1459 141 1501 rum
159 1439 273 1519 delicto
296 1437 525 1512 aPresbyteris
546 1441 723 1520 recipiatur.
1106 1483 1108 1487 .
1241 1431 1248 1446 ⁶

156 1535 186 1591 4.
228 1521 520 1597 TRIBURIENSE,
549 1540 664 1582 canone
682 1522 839 1604 trigesimo
852 1523 971 1604 primo:
1013 1522 1046 1585 si
1075 1523 1142 1605 quis

69 1607 214 1665 inventus
237 1605 333 1665 fuerit
351 1607 467 1675 furtum
484 1618 540 1685 aut
557 1609 695 1704 rapinam
712 1625 860 1682 exercere,
881 1617 912 1665 et
934 1606 1052 1688 inipso
1077 1605 1145 1667 din·
1227 1598 1230 1605 ’

68 1687 181 1750 helico
200 1699 271 1747 actu
288 1702 420 1751 mortem
437 1702 570 1750 meretur
591 1710 757 1767 incurrere,
782 1688 882 1750 nullus
903 1711 964 1773 pro
988 1711 1025 1750 eo
1051 1712 1144 1774 pree-

70 1782 173 1833 sumat
194 1792 303 1848 orare,
335 1783 388 1835 aut
408 1773 627 1850 eleemosynam
645 1774 736 1835 dare:
770 1786 801 1835 et
820 1773 1008 1849 eleemosyna
1027 1794 1087 1858 pro
1108 1795 1144 1837 eo

70 1855 154 1932 data,
181 1855 213 1913 in
237 1863 488 1933 memoriamnee
523 1856 718 1935 clericorum,
753 1878 811 1920 nec
839 1878 1009 1940 pauperum
1032 1861 1143 1936 veniat,

71 1937 128 1999 sed
155 1939 332 2000 execrabilis
362 1941 524 2003 sordescat.
561 2006 581 2015 Η
699 1990 701 1997 .

51 2070 54 2075 .
158 2035 187 2087 5.
231 2021 459 2085 CONCILIUM
478 2023 680 2085 Braccarense
701 2023 849 2107 primum,
872 2045 936 2085 can.
958 2036 1023 2093 εἰμι
1068 2022 1144 2085 Pla-

67 2104 145 2180 cuit,
165 2116 210 2180 ut,
231 2106 286 2186 qui
299 2118 350 2167 aut
370 2128 427 2189 per
441 2107 568 2186 ferrum,
590 2121 708 2191 autper
726 2128 883 2185 venenum,
906 2120 959 2168 aut
978 2130 1034 2191 per
1052 2130 1144 2191 prae-

67 2189 219 2270 cipitium,
241 2198 295 2249 aut
314 2191 520 2274 suspendium,
546 2205 600 2253 aut
622 2191 765 2275 quolibet
783 2195 878 2252 modo
898 2192 1061 2252 violentam
1083 2191 1144 2252 sibi

69 2272 145 2353 ipsis
163 2271 299 2352 inferunt
318 2288 458 2352 mortem,
479 2276 564 2336 nulla
583 2297 643 2358 pro
676 2275 737 2335 illis
758 2277 791 2333 in
825 2275 982 2334 oblatione
1010 2293 1144 2334 comme·

67 2357 200 2421 moratio
221 2353 285 2435 fiat,
306 2381 405 2442 neque
421 2381 490 2418 cum
506 2359 634 2419 Psalmis
655 2358 693 2418 ad
717 2357 903 2438 sepulturam
923 2377 1029 2416 eorum
1050 2357 1144 2417 cada·

68 2459 140 2498 vora
162 2438 366 2503 deducantur.
406 2443 499 2503 Multi
512 2445 591 2500 enim
611 2440 671 2507 sibi
691 2439 751 2499 hoo
764 2461 820 2520 per
835 2439 1039 2522 ignorantiam
1049 2460 1142 2500 usur-

66 2522 153 2606 pant.
195 2523 341 2586 Similiter
364 2536 394 2585 et
416 2524 456 2584 de
478 2525 525 2585 his
547 2523 665 2606 placuit
683 2520 770 2599 fieri,
794 2525 847 2603 qui
869 2542 929 2605 pro
961 2525 1023 2583 suis
1045 2523 1142 2584 scele·
1194 2544 1198 2557 ²

68 2604 158 2666 ribus
178 2612 359 2692 puniuntur.
677 2648 681 2655 -

157 2703 187 2756 6.
232 2691 460 2752 CONCILIUM
481 2690 693 2751 Florentinum
710 2691 743 2751 in
762 2689 856 2752 literis
871 2691 1006 2766 unionis,
1027 2700 1064 2752 ut
1087 2709 1142 2750 su·

67 2792 138 2858 pra,
155 2771 213 2833 hac
234 2776 421 2853 quaestione,
445 2774 478 2834 C.
500 2787 551 2843 8..

61 2926 65 2939 Ι
154 2868 184 2922 7.
227 2856 455 2918 CONCILIUM
475 2858 689 2921 Tridentinum
705 2861 839 2922 sessione
851 2862 992 2947 vigesimo
1002 2869 1093 2940 sexta,
1106 2860 1140 2920 ut

68 2959 175 3018 supra,
197 2939 257 2999 hac
276 2945 464 3020 quaestione,
485 2945 518 3005 C.
537 2956 567 3013 9.
852 2977 855 2984 ·
1078 3009 1080 3012 s

154 3033 184 3088 8.
228 3024 336 3083 IDEM
371 3029 501 3088 sessione
543 3027 687 3112 vigesima
717 3027 867 3104 secunda,
910 3029 1010 3109 capite
1046 3041 1075 3093 2.
1099 3025 1142 3108 'pet

65 3123 189 3251 1optione
216 3104 328 3186 tertio,
350 3122 498 3195 utsupra
519 3115 698 3197 quaestione
719 3114 846 3195 septima
867 3109 905 3171 de
936 3106 1141 3185 Eucherium,

153 3285 184 3342 9.
226 3274 484 3338 AUGUSTINUS
504 3278 585 3341 libro
600 3279 638 3340 de
663 3302 738 3341 cura
761 3301 821 3363 pro
846 3280 979 3339 mortuis
1002 3275 1141 3360 gerenda,

70 3359 174 3438 capite
202 3371 250 3434 1.,
280 3360 384 3421 volens
409 3362 595 3444 respondere
626 3364 665 3426 ad
688 3367 913 3446 quaestionem,
934 3374 1038 3423 utrum
1064 3380 1143 3443 pro-

68 3443 112 3503 sit
139 3444 264 3523 cuique,
283 3445 368 3524 quod
385 3459 455 3527 post
476 3452 604 3507 mortem
631 3469 746 3531 corpus
773 3449 840 3528 ejus
862 3447 944 3530 apud
966 3447 1061 3506 sancti
1084 3442 1143 3504 ali-

70 3526 162 3605 cujus
181 3531 356 3588 memoriam
378 3530 558 3612 sepeliatur:
601 3532 686 3592 Dicis
712 3535 833 3614 (inquit)
856 3533 953 3592 videri
981 3528 1061 3602 tibi,
1081 3548 1143 3587 non

71 3630 137 3670 esse
166 3612 268 3671 inanes
299 3624 398 3673 motus
436 3616 607 3677 animorum
636 3616 850 3699 religiosorum
883 3629 974 3695 atquc
1005 3610 1144 3671 fidelium
1222 3629 1225 3633 ’

69 3713 132 3777 pro
153 3698 215 3755 suis
239 3697 294 3756 ista
315 3701 495 3757 curantium.
537 3697 686 3784 Adiungis
709 3702 808 3775 etiam,
833 3719 940 3760 vacare
961 3718 1024 3757 non
1045 3716 1145 3777 posse,

73 3777 164 3858 quod
185 3781 326 3841 universa
347 3802 406 3864 pro
429 3781 582 3842 defunctis
611 3783 748 3842 Ecclesia
776 3785 946 3865 supplicare
968 3781 1144 3840 consuevite

68 3861 199 3922 uthina
221 3875 250 3924 et
285 3864 362 3925 illud
387 3867 500 3947 conjici
520 3867 624 3948 possit,
645 3866 761 3927 homini
792 3869 936 3948 prodesse
956 3877 1028 3948 post
1059 3883 1144 3922 mor-

70 3957 144 4019 tem,
166 3950 192 4007 si
206 3945 405 4010 lidesuorum
426 3949 582 4011 humando
602 3952 668 4031 ejus
692 3952 818 4031 corpori
846 3952 913 4010 talis
940 3950 1140 4030 providentur

71 4027 171 4104 locus,
195 4032 228 4090 in
255 4055 317 4115 quo
334 4047 481 4117 apparent
504 4033 666 4117 opitulatio
690 4037 779 4096 etium
804 4033 975 4112 istomodo
1002 4034 1140 4112 quaesita

72 4125 260 4174 sanctorum.
304 4118 366 4179 Sed
386 4141 456 4179 cum
477 4118 552 4179 haec
575 4122 705 4198 itosint,
731 4117 887 4200 quomodo
904 4116 979 4179 huic
1001 4115 1139 4199 opinioni

68 4199 259 4263 contrarium
288 4205 430 4282 nonsit,
459 4203 553 4287 -quod
585 4205 664 4269 dicit
696 4203 885 4290 Apostolus:
929 4202 1040 4265 Omnes
1060 4202 1226 4272 enimzeor.
1239 4226 1258 4267 r,
1271 4224 1304 4262 10-
