2790 4792
246 204 360 314 ω’
483 237 563 301 un
610 235 1072 326 sacnnunttro

332 422 548 487 1.1³et.-.111.2
590 422 667 482 Cum
686 420 889 511 fabricaretur
907 442 990 498 arca,
1020 423 1053 483 iu
1074 443 1135 504 qua
1153 425 1266 508 pauci,
1289 429 1319 488 id

250 526 305 611 est,
320 542 393 593 octo
403 522 528 608 'animae
540 528 639 590 salvae
664 526 763 589 factae
780 539 852 591 snut
863 547 920 610 per
937 546 1056 611 aquam.
1100 528 1197 607 Quod
1214 543 1247 591 et
1263 553 1317 595 vos

248 657 333 702 nnnc
354 637 460 699 similis
479 637 596 711 formae
610 636 709 696 salvos
734 634 809 695 facit
827 631 986 716 baptisma,
1006 656 1070 696 non
1093 638 1191 696 carnis
1221 636 1317 721 depo-

249 747 320 814 sitio
345 724 496 823 sordium,
516 743 571 807 sed
593 744 796 805 conscientiae
820 740 920 802 bonae
938 743 1139 827 interrogatio
1163 744 1196 804 in
1218 743 1317 807 Deum

248 870 305 934 per
320 840 573 913 resurrectionem
594 849 692 910 JESU
708 846 879 911 CHRISTI.
1282 850 1284 857 '

328 957 468 1019 Ezecli.
489 956 654 1020 xxxvi:
675 955 717 1015 Et
743 953 894 1017 effimdam
912 974 1077 1039 supervos
1096 976 1207 1039 aquam
1220 979 1309 1021 mnn-

247 1061 326 1142 dam,
348 1076 379 1125 et
397 1060 617 1124 mundabimini
642 1059 682 1125 ab
703 1061 845 1125 omnibus
866 1063 1099 1144 inquinamentis
1125 1069 1254 1144 restris,
1280 1080 1308 1128 et

246 1170 286 1230 ab
302 1172 448 1234 universis
469 1170 560 1252 idolis
571 1177 681 1235 restris
693 1169 849 1232 mundabo
871 1189 936 1231 vos.
978 1169 1021 1232 Et
1031 1167 1113 1232 dabo
1132 1170 1223 1257 robis
1253 1193 1303 1234 cor

244 1295 369 1355 novum,
385 1277 568 1361 e'tspiritum
594 1298 708 1339 novum
725 1288 781 1339 etc.

328 1384 417 1449 Rom.
434 1387 505 1454 VI.=
547 1384 597 1446 An
621 1387 766 1470 ignoratis
791 1384 912 1462 fratres,
927 1385 1009 1469 quia,
1032 1386 1211 1470 quicunqne
1230 1390 1306 1474 bap-

34 1565 39 1579 ,
141 1558 144 1563 Δ
244 1493 327 1555 tizati
349 1512 452 1553 snmus
473 1493 506 1554 in
526 1492 700 1555 CHRISTO
722 1492 833 1570 JESU,
859 1495 892 1589 in
915 1504 1016 1553 morte
1043 1495 1140 1576 ipsius
1163 1495 1304 1581 baptizati

244 1599 368 1659 sumnsi
411 1598 588 1683 Consepulti
609 1602 689 1660 enim
709 1619 812 1659 sumus
834 1620 903 1658 cum
925 1599 978 1659 illo
999 1619 1057 1681 per
1076 1597 1261 1682 baptismum
1281 1606 1308 1662 in
1346 1642 1349 1657 .

244 1715 395 1782 mortem,
416 1715 461 1781 ut,
491 1704 646 1788 quomodo
667 1702 864 1766 CHRISTUS
897 1707 1068 1766 surrexita
1098 1708 1231 1766 mortuis
1259 1728 1309 1790 per
1333 1759 1335 1763 ,

245 1809 375 1895 gloriam
398 1812 504 1896 patris,
526 1814 568 1874 ita
588 1824 619 1873 et
638 1826 695 1872 nos
714 1812 747 1872 in
766 1802 902 1871 novitate
932 1813 1011 1870 vitae
1036 1810 1235 1899 ambulemus.
1276 1815 1305 1874 Si
1339 1868 1342 1873 .

245 1918 325 1976 enim
349 1914 544 2001 complantati
558 1919 632 1981 facti
655 1938 757 1980 sumus
780 1915 970 1977 similitudini
995 1921 1088 2001 morti
1113 1920 1193 2001 ejus,
1220 1921 1302 1981 simul
1347 1965 1349 1977 .

247 2035 279 2085 et
295 2016 525 2084 resurrectionis
557 2026 685 2086 erimus:
727 2024 796 2084 Hoc
827 2025 974 2100 scientes,
1006 2028 1080 2106 quia
1103 2039 1191 2088 retus
1218 2026 1301 2090 homo
1342 2062 1349 2089 ι

246 2141 353 2194 noster
372 2129 460 2192 simul
481 2129 642 2193 crucifixus
663 2140 725 2209 est.
739 2144 778 2195 ut
796 2128 973 2191 destruatur
992 2153 1103 2216 corpus
1119 2139 1258 2220 peccati,
1271 2147 1303 2196 ut

247 2236 329 2299 nitra
347 2258 410 2297 non
427 2239 590 2305 serviamus
603 2251 740 2323 peccato.
783 2240 847 2317 Qui
872 2240 951 2299 enim
972 2250 1114 2301 mortuus
1138 2254 1193 2317 est,
1213 2219 1319 2323 ιἰιειί(
1345 2222 1349 2341 l

246 2342 354 2404 ficatus
374 2356 420 2407 est
439 2365 458 2407 a
479 2358 620 2431 peccatos
658 2345 701 2408 Et
720 2329 914 2429 paulopost:
946 2345 994 2407 Ita
1015 2357 1046 2406 et
1063 2367 1116 2406 ros
1134 2338 1305 2426 existimate,
1346 2350 1349 2487 Ι

197 2514 200 2519 ,
247 2469 305 2511 vos
330 2464 473 2535 mortuos
494 2453 619 2539 quidem
639 2473 703 2515 esse
727 2464 872 2538 peccato,
892 2453 1024 2514 viventes
1053 2465 1155 2515 autem
1177 2453 1248 2519 Deo
1278 2457 1306 2516 in
1347 2512 1349 2533 ε

225 2599 230 2611 a
248 2553 374 2618 Christo
399 2557 480 2618 iesu.
1346 2548 1349 2561 ¹

329 2662 489 2724 T1t.111..·
518 2662 636 2728 'Salvos'
653 2666 717 2725 non
737 2661 810 2724 fecit
834 2683 889 2749 per
906 2662 1060 2726 lavacrum
1082 2679 1139 2732 etc.
1347 2732 1349 2771 Ι

327 2765 441 2852 Ephes.
462 2767 523 2832 Vs:
562 2770 701 2834 Christus
726 2770 831 2831 dilexit
855 2770 1019 2850 ecelesiam,
1042 2785 1073 2835 et
1097 2759 1305 2863 semetipsum
1347 2786 1349 2791 ’

254 2871 385 2937 tradidit
402 2894 461 2962 pro
472 2897 517 2954 ea,
535 2889 572 2939 ut
594 2878 676 2942 illam
693 2873 906 2955 sanctificaret,
927 2880 1076 2942 mundans
1104 2903 1170 2944 eam
1190 2885 1307 2950 lavacro

252 3000 348 3065 aquae
364 2984 397 3045 in
417 2983 514 3047 verbo
532 2986 620 3048 vitae.
1153 2970 1155 2975 ⁴

332 3109 367 3174 G.
385 3104 460 3173 inc.
478 3113 521 3175 Ι..·
561 3113 779 3196 Unusquisque
799 3134 872 3175 vero
896 3126 1031 3177 tentatur
1051 3139 1069 3178 a
1092 3126 1309 3206 concupiscen-

247 3216 291 3278 tia
312 3237 368 3278 sua
388 3215 557 3282 abstractus
577 3233 609 3282 et
636 3219 766 3284 illectus.
818 3218 941 3284 Deinde
967 3226 1217 3307 concupiscentia
1244 3253 1308 3292 cnm
1334 3262 1336 3273 ·

247 3327 433 3409 conceperit,
452 3328 535 3413 parit
548 3338 723 3412 peccatum:
756 3339 914 3414 peccatum
931 3350 1005 3392 vero
1027 3350 1098 3392 cum
1119 3352 1309 3399 consumma-

247 3441 313 3525 tum
332 3432 434 3512 fuerit,
460 3446 585 3520 generat
597 3446 736 3497 mortem

327 3559 510 3626 Rom.'v1.=
549 3564 621 3626 Non
639 3585 711 3652 ergo
736 3580 841 3652 regnet
860 3580 1018 3652 peccatum
1039 3569 1072 3638 iu
1095 3581 1199 3634 vestro
1224 3595 1308 3636 mor-

247 3662 463 3754 talicorpore,
483 3683 520 3733 ut
539 3670 689 3736 obediatis
710 3675 960 3760 concupiscentiis
983 3678 1060 3758 ejus.

295 3858 300 3867 ,
330 3795 380 3861 Et
405 3799 491 3865 vlt:
531 3801 609 3865 Nam
623 3805 898 3888 concupiscentiam
912 3806 1091 3884 nesciebam,
1112 3809 1172 3870 nisi
1192 3809 1240 3871 lex
1263 3808 1310 3870 di.'

247 3915 346 3966 cereta
386 3905 457 3969 Nou
474 3913 683 3995 concupisces.
727 3913 897 3974 Occasione
925 3924 1026 3975 autem
1055 3928 1181 4000 accepta
1201 3937 1310 4000 pecca·
1346 3970 1349 3981 .

245 4020 313 4071 tum
333 4032 389 4094 per
409 4013 587 4080 mandatum
606 4032 768 4105 operatum
787 4031 833 4082 est
859 4021 892 4081 iu
920 4043 968 4085 me
998 4035 1118 4086 omnem
1145 4025 1310 4110 concupis·

247 4118 382 4182 centiam
