2790 4792
278 342 355 409 :m
520 331 599 395 DE
651 326 1121 393 SACRAMENTO

282 520 408 601 quitatis
428 517 583 593 attulerit,
606 515 684 576 illud
706 537 817 600 parum
836 527 982 598 tanquam
1000 509 1183 599 plumbum,
1219 518 1292 604 igne
1311 541 1349 582 re·
1393 533 1395 558 ¹

285 603 416 664 solvitur
436 624 471 661 ac
491 613 669 686 purgatur,
689 612 720 660 et
740 612 840 661 totum
863 610 998 665 remanet
1019 620 1129 660 autum
1149 621 1283 682 purum.
1319 607 1350 667 Et

283 691 309 748 si
334 690 402 767 quis
424 686 493 769 plus
512 685 585 746 illuc
605 684 725 769 plumbi
757 685 923 759 detulerit,
954 683 1026 766 plus
1046 685 1205 762 exuritur,
1243 700 1279 747 ut
1294 711 1347 750 sm-

281 771 364 854 plius
385 771 599 851 decoquatur,
620 780 657 828 ut
678 772 733 829 etsi
755 790 865 852 parum
887 767 1004 850 aliquid
1027 769 1067 828 sit
1089 768 1172 844 auri,
1194 788 1348 857 purgatum

281 869 381 917 tamen
415 855 556 914 resideat.
614 853 709 929 Quod
743 856 769 912 si
788 853 901 934 aliquis
925 852 989 911 illic
1010 864 1093 941 totus
1115 852 1288 935 plumbeus
1306 880 1349 919 ue·

282 941 381 1014 nerit,
413 937 467 998 fiet
488 938 527 998 de
548 938 605 998 illo
626 937 705 1013 hoc,
727 938 815 1018 quod
837 939 986 1018 scriptum
1007 949 1066 1007 est:
1100 937 1348 1023 Demergeturiu

281 1022 475 1106 profundum
497 1035 645 1102 tauquam
665 1021 828 1104 plumbum
848 1023 881 1079 in
902 1041 982 1101 aqua
1002 1018 1240 1082 validissimum.

370 1119 417 1173 11.
462 1105 701 1167 GREGORIUS
732 1106 785 1170 lib.
820 1118 849 1173 4.
885 1104 1076 1187 dialogorum
1112 1126 1183 1189 cap.
1208 1120 1282 1188 39„
1312 1130 1350 1170 re·

284 1191 439 1273 spondens
460 1190 499 1249 ad
522 1193 744 1271 quaestionem:
777 1190 824 1248 An
845 1201 917 1271 post
938 1200 1067 1249 mortem
1089 1195 1298 1274 purgatorius
1315 1199 1350 1277 ig·

178 1275 272 1374 43¹2&
285 1278 332 1333 nis
363 1278 423 1349 sit,
458 1277 501 1333 sic
533 1276 591 1334 ait:
627 1275 665 1334 ln
694 1272 863 1356 Evangelio
884 1274 1033 1333 Dominus
1057 1273 1157 1334 dicits
1187 1277 1350 1355 Ambulate,

159 1346 166 1359 ⁶
219 1347 226 1368 '
255 1351 260 1362 '
285 1361 358 1419 dum
379 1358 477 1419 lucem
505 1356 634 1419 habetis.
682 1358 744 1418 Per
764 1355 947 1440 prophetam
970 1378 1098 1437 quoque
1122 1360 1185 1419 ait:
1208 1361 1371 1445 Tempore'

285 1455 413 1524 accepto
449 1442 587 1502 exaudivi
617 1453 667 1516 te,
698 1454 729 1501 et
757 1444 789 1500 in
825 1442 874 1500 die
908 1441 1012 1502 salutis
1035 1441 1145 1521 adjuvi
1180 1455 1224 1504 te.
1269 1445 1349 1522 Quod

110 1520 134 1564 ²·
146 1516 201 1558 ‘'⁰'‘
210 1511 235 1562 θ’
249 1518 272 1562 ²¹
284 1525 400 1588 Paulus
424 1526 589 1609 Apostolus
612 1546 786 1608 exponens,
818 1525 911 1584 dicit:
945 1524 1027 1584 Ecce
1058 1545 1143 1585 nuuc
1165 1538 1290 1612 tempus
1308 1551 1350 1590 ac·

288 1609 455 1692 ceptabile,
489 1631 558 1670 ecce
588 1632 669 1670 nunc
701 1610 765 1670 dies
793 1609 906 1670 salutis.
960 1608 1107 1669 Salomon
1144 1631 1277 1694 quoque
1299 1616 1349 1674 sit:

109 1713 173 1756 uest.
184 1716 258 1769 9211.
288 1693 508 1776 Quodcunque
538 1707 641 1777 potest
672 1714 780 1754 manus
801 1707 855 1753 tua
877 1693 1003 1770 facere,
1039 1695 1192 1755 instanter
1214 1718 1348 1781 operare:

287 1780 361 1861 quia
386 1786 563 1861 nec'opus,
584 1800 640 1838 nec
662 1781 757 1855 ratio,
794 1800 849 1838 nec
871 1779 1017 1852 scientia,
1048 1799 1106 1836 nec
1129 1782 1280 1862 sapientia
1302 1783 1349 1841 erit

287 1861 372 1945 apud
393 1861 530 1940 inferos,
565 1882 628 1945 quc
651 1875 686 1925 tu
707 1883 862 1947 properas.
904 1860 1004 1922 David
1027 1882 1156 1942 quoque
1179 1867 1239 1925 uit:
1271 1867 1350 1945 Quo-

111 1950 174 2002 rsal.
191 1967 248 2010 ιη,
285 1951 367 2006 niam
397 1948 429 2004 in
459 1946 614 2007 saeculum
646 1947 854 2007 misericordia
883 1948 959 2028 ejus.
1013 1941 1060 2004 Ex
1082 1944 1351 2027 quihusnimirum

116 2015 138 2054 ¹⁰
152 2022 186 2063 'q'
288 2031 444 2092 sententiis
466 2041 605 2104 constat,
639 2034 709 2110 quia
732 2030 830 2110 qualis
851 2030 924 2088 hinc
951 2033 1081 2111 quisque
1103 2033 1276 2114 egreditur,
1308 2050 1351 2093 ta-

134 2125 251 2186 arotarii.
288 2115 325 2175 lis
348 2113 519 2195 injudicio
540 2125 758 2196 praesentatur.
808 2113 870 2172 Sed
889 2124 987 2173 tarum
1011 2117 1049 2174 de
1075 2117 1249 2195 qmbusdam
1274 2115 1351 2174 leri·

111 2177 269 2279 ,ffifffiffiffi
289 2199 350 2259 bu's
377 2198 477 2282 culpis
503 2219 567 2259 esse
590 2210 659 2257 ante
678 2198 830 2280 judicium
857 2201 1054 2282 purgatorius
1085 2200 1159 2281 iguis
1176 2197 1345 2269 ¹credendus

111 2286 173 2364 31⁰⁸&
290 2295 360 2361 est,
393 2304 451 2366 pro
476 2305 536 2350 eo.
566 2281 652 2364 quod
674 2284 784 2343 veritas
806 2282 900 2341 dicit:
933 2284 1030 2358 Quia,
1060 2286 1086 2342 si
1107 2284 1175 2365 quis
1193 2285 1225 2342 iu
1245 2296 1347 2344 saneto

137 2335 151 2364 ι
173 2330 274 2376 'mm'
289 2369 401 2450 spiritu
419 2354 639 2450 blasphemiam
662 2367 790 2445 dixerit,
810 2386 913 2448 neque
937 2369 968 2426 iu
990 2367 1052 2426 hoc
1073 2366 1198 2428 saeculo
1218 2370 1349 2429 remitte·

290 2464 342 2513 tur
367 2454 414 2527 ei,
447 2473 548 2533 neque
569 2455 599 2512 in
621 2452 741 2513 futuro.
789 2452 826 2510 In
848 2471 910 2532 qua
932 2454 1080 2511 sententia
1100 2452 1196 2513 datur
1217 2452 1347 2537 intelligi,

288 2535 436 2615 quasdam
457 2538 563 2621 culpas
596 2538 626 2596 in
649 2536 711 2600 boc
733 2536 874 2611 saeculo,
911 2537 1056 2617 quasdam
1086 2558 1166 2597 vero
1199 2541 1231 2598 iu
1253 2538 1348 2599 futuro

286 2638 377 2700 posse
403 2618 503 2678 laxari.
548 2621 643 2696 Quod
666 2623 744 2693 enim
761 2620 806 2679 ‘de
826 2640 887 2679 uno
908 2632 1059 2703 negatur,
1091 2641 1286 2704 consequens
1309 2625 1346 2681 in·

282 2700 421 2760 tellectus
442 2714 542 2784 patet,
565 2707 638 2782 quia
662 2705 700 2765 de
719 2704 901 2784 quibusdam
924 2704 1115 2765 conceditur.
1163 2707 1227 2767 Sed
1248 2720 1344 2784 tamen

284 2793 320 2842 ut
345 2784 482 2866 praedixi
493 2789 518 2860 ,¹
535 2785 595 2844 hoc
618 2787 657 2846 dc
677 2791 780 2868 parvis
807 2789 999 2872 minimisque
1020 2791 1159 2870 peccatis
1179 2789 1251 2852 fieri
1270 2812 1344 2877 posse

284 2867 470 2929 credendum
493 2880 557 2928 est:
587 2871 667 2929 sicut
688 2883 733 2929 est
753 2872 891 2932 assiduus
912 2875 1030 2932 otiosus
1051 2891 1175 2952 sermo,
1207 2877 1342 2937 immode-

283 2963 368 3035 ratus
395 2953 490 3029 risus,
534 2950 582 3011 vel
614 2967 772 3037 peccatum
806 2977 899 3016 curae
930 2958 975 3016 rei
1000 2955 1178 3037 familiaris,
1211 2981 1288 3042 quae
1307 2962 1340 3018 rix

282 3057 346 3097 stne
368 3036 459 3119 culpa
480 3036 527 3098 vel
542 3036 580 3097 ab
598 3039 671 3120 ipsis
696 3041 817 3122 agitur,
841 3042 894 3120 qui
915 3041 1033 3125 eulpam
1057 3040 1197 3122 qualiter
1222 3045 1338 3105 decline·

265 3141 315 3199 ¹re
337 3120 483 3198 debcant,
504 3124 620 3182 sciunt:
646 3136 700 3182 aut
727 3127 758 3182 in
782 3145 846 3205 nou
865 3126 1008 3209 gravibus
1030 3126 1125 3184 rebus
1151 3149 1245 3190 error
1268 3132 1278 3189 i
1314 3149 1337 3187 o·

281 3207 414 3266 rantiae:
450 3228 528 3289 quae
548 3219 656 3267 cuneta
674 3208 763 3267 etiam
783 3219 853 3290 post
873 3222 1000 3270 mortem
1022 3223 1173 3294 gravant,
1205 3215 1234 3273 si
1259 3151 1338 3275 adlice

281 3291 312 3348 in
333 3289 391 3350 bac
414 3293 475 3351 vita
495 3294 601 3374 positis
622 3293 743 3352 minime
765 3291 881 3353 fuerint
900 3293 1041 3355 relaxata.
1084 3294 1166 3354 Nam
1188 3319 1262 3359 eum
1274 3299 1338 3360 Pau·

110 3398 133 3441 t·
142 3394 195 3440 cor.
204 3403 270 3450 5212·
281 3372 328 3433 lus
360 3374 462 3434 dieat:
501 3377 658 3437 Christum
679 3397 742 3437 esse
764 3375 1017 3455 fundamentum,
1045 3389 1143 3459 atque
1165 3382 1337 3467 subjungat:

82 3447 89 3467 i
280 3456 313 3516 si
348 3460 415 3540 quis
438 3459 738 3541 superaedificaverit
758 3475 830 3537 etc,
864 3465 928 3546 ipse
950 3475 1052 3522 autem
1072 3461 1176 3523 salvus
1200 3481 1283 3545 erit,
1307 3465 1338 3525 sit

279 3554 378 3601 tamen
400 3545 485 3625 quasi
506 3565 563 3627 per
585 3548 693 3628 ignem.
738 3546 882 3621 Quamvis
905 3545 966 3606 hoc
989 3546 1027 3605 de
1049 3546 1117 3627 igne
1139 3549 1337 3614 tribulationis

279 3625 311 3683 in
330 3626 388 3686 hac
409 3626 498 3687 nobis
514 3631 575 3687 vita
597 3628 737 3690 adhibito
763 3634 860 3713 possit
881 3628 1020 3712 intelligi,
1040 3641 1143 3700 tamen
1159 3636 1186 3693 si
1208 3640 1280 3719 quis
1293 3634 1337 3697 bot

280 3708 318 3768 de
339 3715 406 3794 igne
428 3712 551 3773 futurae
574 3716 764 3797 purgationis
786 3717 923 3798 accipiat,
945 3714 1138 3796 pensandum
1158 3719 1285 3781 solicite
1299 3726 1335 3789 ed

278 3794 352 3874 quia
383 3795 469 3855 illum
499 3817 555 3880 per
587 3801 687 3882 ignem
714 3798 789 3859 dixit
809 3820 899 3883 posse
926 3800 1055 3875 salvari,
1090 3820 1159 3859 non
1183 3808 1244 3885 qui
1266 3818 1338 3889 supet

276 3874 339 3937 hoc
361 3879 592 3942 fundamentum
612 3883 749 3961 ferrum,
783 3904 832 3944 aes
862 3883 911 3944 vel
931 3883 1091 3966 plumbum
1124 3886 1292 3967 aedificet,
1315 3882 1341 3944 id

276 3966 355 4037 est,
371 3978 495 4046 peccata
526 3969 662 4048 majora,
693 3967 860 4029 etidcirco
889 3968 1041 4045 duriora,
1075 3980 1172 4049 atque
1194 3985 1274 4034 tuuc
1289 3973 1341 4055 jum

274 4044 466 4108 insolubilia:
489 4050 541 4110 sed
563 4051 696 4134 lignum,
719 4052 861 4128 foenum,
884 4052 1042 4133 stipulam,
1077 4051 1111 4111 id
1134 4067 1203 4134 est,
1228 4066 1341 4142 peecata

112 4132 249 4196 hirsutos.
272 4129 506 4214 minuta-atque
543 4133 713 4212 levissima,
743 4146 824 4217 ¹q'uae
847 4137 923 4217 ignis
952 4136 1042 4196 facile
1065 4153 1240 4202 consumat
1284 4141 1341 4202 Hoc

98 4192 236 4276 ἶιῗψ
272 4223 370 4275 tamen
405 4217 565 4280 sciendum
606 4231 666 4298 est,
705 4222 780 4303 quia
807 4217 870 4280 illic
903 4219 1007 4285 saltem
1027 4219 1076 4297 ⁸de
1102 4224 1244 4290 minimis
1274 4220 1341 4289 uibd
