2790 4792
332 344 887 457 ‘reunrsrurtuu
1070 332 1150 464 itta

173 541 215 600 Et
234 536 385 599 nonnullis
400 537 572 613 interiectis,
591 534 631 594 ad
650 535 865 617 presbyteros:
907 532 969 596 Sed
993 536 1065 617 qui,
1092 508 1206 619 phtia

88 648 170 707 tiens
189 648 336 706 Dominus
360 657 413 721 est,
434 629 552 726 (inquit
570 641 678 705 Judith
705 641 744 705 ad
762 641 956 726 presbyteros
982 642 1095 703 Chabri
1109 651 1153 724 ’et
1201 631 1203 634 ‚
1276 718 1280 740 ι

48 752 263 827 Charini)
255 776 286 813 ιιι
309 751 402 815 hoc'
394 772 462 835 ipso
485 749 704 835 poeniteamus,
726 760 755 810 et
762 749 992 832 indulgentiam
1015 753 1095 830 ejus
1098 750 1151 810 fn-

91 859 136 916 sis
158 859 299 955 lacrymis
315 857 510 942 postulemus.
552 856 621 916 Non
657 858 736 918 enim
759 857 845 938 quasi
869 855 981 934 homo,
1003 859 1046 917 sic
1065 857 1149 917 Deus

91 945 337 1027 comminabitur:
359 984 459 1044 neque
479 965 557 1022 sicut
581 960 663 1021 filius
688 962 819 1025 hominis
833 964 872 1024 ad
895 944 1082 1023 iracundiam
1100 964 1151 1022 ln·
1195 970 1228 1023 ,“
1303 979 1307 998 ‘

84 1053 299 1135 damnabitur.
340 1071 383 1131 Et
403 1070 473 1128 ideo
489 1064 689 1130 humiliemus
711 1070 756 1130 illi
780 1072 893 1131 animas
916 1080 1050 1130 nostras.
1072 1072 1151 1128 etin

43 1181 197 1260 spiritu
225 1180 386 1240 constituti
414 1176 594 1249 humiliato,
634 1179 805 1237 servientes
816 1177 861 1237 illi
888 1177 1021 1236 dicamus
1036 1151 1150 1236 flentes

82 1285 241 1362 Domino,
254 1298 292 1345 ut
313 1284 482 1345 secundum
501 1283 683 1344 voluntatem
704 1303 790 1344 suam
809 1286 854 1345 sic
877 1284 969 1347 faciat
984 1282 1150 1367 nobiseum

78 1393 147 1452 cito
161 1391 403 1453 misericordiam
423 1409 516 1449 suam.
926 1378 928 1383 ¹

166 1520 322 1582 Judith.
345 1519 413 1578 tit:
456 1519 562 1580 Iudith
585 1521 719 1602 ingressa
744 1531 789 1581 est
803 1519 1098 1607 oratorium-suum:
1120 1538 1151 1586 et

78 1626 215 1686 induens
237 1647 271 1685 se
288 1624 397 1703 cilicio,
419 1629 523 1709 posuit
540 1627 669 1687 cinerem
687 1648 777 1710 super
800 1641 892 1710 caput
912 1651 1015 1704 sunnis
1034 1644 1150 1718 etpro-

79 1745 223 1793 sternens
244 1751 275 1791 se
296 1734 441 1810 Domino,
461 1733 610 1795 clamabat
627 1733 668 1794 ad
692 1734 868 1794 Dominum.

100 1864 101 1867 ’
169 1859 267 1919 Joel.
286 1860 347 1922 lt:
390 1863 517 1946 Magnus
536 1862 600 1922 dies
625 1863 749 1923 Domini
773 1876 801 1924 et
821 1864 966 1926 terribilis
990 1830 1096 1933 valdee
1120 1883 1151 1930 et

79 1968 140 2048 qui
165 1968 326 2026 sustinebit
346 1971 439 2046 eum?
480 1971 567 2030 Nunc
587 1990 669 2052 ergo,
696 1970 772 2031 dicit
794 1973 961 2050 Dominus,
991 1979 1148 2038 converti·
1185 2042 1188 2048 Α

77 2076 157 2135 mini
174 2073 212 2132 ad
234 2095 280 2134 me
303 2075 334 2132 in
357 2085 425 2135 toto
447 2077 540 2137 corde
562 2088 684 2165 vestro,
697 2078 730 2137 in
742 2080 869 2157 ieiunio,
897 2093 932 2140 iet
953 2082 984 2140 in
1004 2081 1092 2160 fletu,
1116 2097 1147 2145 et

78 2183 113 2263 in
133 2181 266 2263 planctu.
309 2181 351 2243 Et
372 2185 501 2245 scindite
524 2187 617 2246 corda
644 2197 760 2260 vestra,
791 2207 855 2244 non
878 2189 1054 2247 vestimenta
1078 2211 1147 2250 ves-

83 2300 154 2364 stra,
177 2299 206 2347 et
228 2290 436 2351 convertimini
458 2290 497 2352 ad
522 2293 691 2349 Dominum
713 2292 812 2349 Deum
827 2270 976 2348 vestrum:
997 2295 1069 2371 qnia
1089 2292 1147 2352 be·

82 2395 189 2476 nignus
213 2407 242 2453 et
257 2397 427 2456 misericors
450 2409 505 2472 est,
527 2399 645 2478 patiens
669 2405 699 2451 ct
721 2394 834 2452 multae
856 2385 1089 2472 misericordiae,
1115 2372 1146 2459 et

80 2499 270 2599 praestabilis
288 2521 382 2591 super
404 2503 527 2595 malitia.
572 2502 649 2575 Quis
665 2499 761 2573 scit,
755 2499 779 2555 si
805 2510 1014 2580 convertatur,
1047 2513 1076 2561 et
1098 2504 1143 2586 ig·

79 2617 196 2682 noscat,
219 2619 249 2666 et
269 2608 431 2691 relinquat
463 2618 534 2687 post
561 2627 592 2665 sc
622 2602 883 2680 benedictionem,
910 2603 1150 2690 sacrificium,et.

77 2712 214 2773 libamen
238 2714 380 2771 Domino
398 2715 465 2770 Deo
479 2708 614 2771 nostro?
658 2710 761 2770 Canite
785 2710 891 2771 tuba
884 2733 913 2772 ιιι
941 2713 1033 2791 δῖοι,
1055 2737 1144 2776 sanc-

75 2816 193 2879 tificate
216 2816 371 2893 ieiunium,
393 2795 501 2886 vocate
518 2832 646 2884 coetum.
678 2788 865 2903 Congregate
879 2820 1040 2903 populum,
1055 2843 1142 2882 sanc-

75 2923 197 2991 tificate
218 2923 381 3000 ecclesiam,
405 2924 570 2994 coadunate
591 2918 694 2986 seness
724 2939 903 3010 congregate
926 2929 1088 3010 parvulos,
1111 2942 1142 2990 et

75 3038 223 3112 sugentes
243 3026 356 3090 uberat
379 3031 551 3114 egrediatur
571 3053 700 3117 sponsus
719 3032 757 3093 de
780 3032 876 3093 cubili
892 3043 1017 3110 suo,'et
1032 3055 1142 3117 sponsa
1220 3019 1222 3022 ‚
1273 3082 1278 3095 .
1353 3028 1356 3039 ’

60 3118 119 3198 ⁸de
141 3133 275 3195 thalamo
298 3134 361 3215 suo.
400 3137 487 3197 Inter
508 3140 691 3200 vestibulum
723 3151 753 3199 et
773 3138 866 3198 altare
895 3139 1063 3220 plorabunt
1092 3162 1142 3201 sa·
1194 3128 1197 3133 ¹

73 3242 219 3305 cerdotes
241 3244 372 3321 ministri
392 3242 528 3324 Domini,
552 3259 582 3308 et
602 3248 717 3307 dicent:
760 3245 856 3308 Parce
883 3228 1028 3323 Domine,
1047 3267 1140 3330 parce
1179 3244 1184 3289 l

70 3349 193 3436 populo
219 3361 283 3410 tuo.
365 3408 384 3415 ,.

63 3486 68 3495 ·
161 3454 319 3517 Daniel.
340 3457 412 3520 IX.:
460 3458 502 3557 Et
531 3459 622 3542 posui
657 3461 765 3521 faciem
792 3480 887 3520 meam
912 3460 952 3521 ad
975 3459 1140 3521 Dominum

34 3545 51 3587 s
71 3563 175 3623 Deum
199 3585 300 3625 meum
308 3586 450 3689 rogare,
481 3577 510 3626 et
542 3567 738 3735 deprecari'
730 3589 762 3627 m
792 3568 927 3645 ieiuniis,
970 3588 1073 3645 sacco,
1110 3582 1140 3630 et

72 3673 187 3733 cinere
1003 3716 1005 3722 ,

157 3779 176 3838 J
188 3777 246 3838 ob.
277 3778 392 3839 XLII..
436 3779 599 3841 Idcirco
592 3799 656 3860 ipse
686 3801 734 3841 me
766 3707 1006 3866 reprehendo,
1015 3792 1044 3839 et
1077 3799 1136 3862 ago
1210 3773 1213 3780 ’

70 3886 298 3967 poenitentiam
313 3889 345 3947 iu
372 3887 475 3949 favilla
498 3899 529 3948 et
559 3887 670 3947 cinere.
729 3896 731 3901 ’
1201 3894 1203 3901 “
1235 3890 1237 3895 ’
1262 3881 1270 3901 ”

119 4045 121 4049 ·
152 4015 318 4078 Hierem.
346 4015 416 4079 Vt:
436 4017 538 4090 „Filia
562 4014 672 4100 populi
694 4017 753 4076 mei
788 4016 943 4103 accingere
965 4013 1085 4092 cilicio,
1107 4028 1137 4078 et

67 4138 275 4206 conspergere
309 4124 428 4186 cinere:
471 4124 586 4187 luctum
619 4126 768 4208 unigeniti
808 4124 858 4199 fac
890 4121 949 4186 tibi
983 4121 1136 4223 planctum
