2790 4792
273 273 350 339 2η
508 242 1105 332 ousscnsusuro

271 447 399 507 nitidum
421 444 566 507 exhibent
588 445 755 521 linteolum
777 442 833 503 ubi
854 465 968 528 corpus
996 443 1159 503 CHRISTI
1183 448 1354 530 accipiant:

272 537 315 591 sic
337 550 450 614 corpus
474 544 589 593 castum
611 551 646 589 ac
668 550 724 589 cor
741 529 892 617 mundum
914 526 1086 605 exlribeant,¹
1108 541 1243 590 utvcum
1271 532 1352 594 bona

273 618 457 676 conscientia
470 615 631 675 CHRISTI
655 610 840 674 sacramenta
859 616 1035 695 suscipiant.

357 714 386 768 4.
430 698 661 759 ARIBROSIUS
683 701 713 756 iu
729 701 867 758 oratione
891 698 1014 757 funebri
1039 697 1078 757 de
1097 708 1223 758 excessu
1246 698 1349 762 fratris

275 788 321 846 sui
343 785 464 859 Satyri:
508 784 595 859 Quid
616 785 710 867 igitur
732 783 951 841 observantiam
974 785 1041 863 ejus
1066 803 1138 866 erga
1158 784 1351 849 Dei-cultum

99 870 471 951 corpusculo-praedicem?
527 870 589 942 Qui
628 870 805 951 priusquam
837 866 1074 949 perfectioribus
1108 879 1186 926 esset
1215 871 1349 932 initiatus

98 939 439 1029 iiilrlliillf⁶⁸mysteriiq
462 955 492 1011 in
515 953 676 1034 naufragio
703 953 907 1026 constitutus,
931 972 998 1009 cum
1020 964 1064 1026 ea,
1087 973 1149 1031 qua
1170 952 1348 1029 veheretur,

101 1046 178 1127 mm
196 1031 359 1098 lule‘navis
382 1037 544 1119 scopuloso
567 1035 643 1095 illisa
665 1035 765 1111 vado,
795 1047 825 1094 et
861 1037 1043 1118 urgentibus
1065 1035 1137 1094 hinc
1165 1048 1260 1119 atque
1280 1041 1350 1099 iude

158 1112 164 1125 ⁸
274 1118 418 1184 fluctibus
441 1121 629 1196 solveretur,
651 1141 714 1179 nou
739 1131 867 1179 mortem
893 1122 1051 1192 metuens,
1082 1120 1136 1179 sed
1169 1141 1208 1179 ne
1234 1144 1347 1184 vacuus

273 1206 409 1282 mysterii
433 1209 525 1265 exiret
548 1207 654 1279 evita,
678 1224 757 1286 quos
780 1206 913 1263 luitiatos
928 1224 990 1262 esse
1015 1218 1219 1286 cognoverat,
1243 1208 1284 1266 alr
1304 1209 1346 1269 his

274 1295 408 1353 divinum
429 1290 505 1349 illud
527 1287 663 1348 fidelium
686 1300 905 1348 sacramentum
928 1291 1086 1370 poposcit:
1108 1311 1171 1348 non
1192 1303 1229 1349 ut
1248 1296 1346 1353 curio-

273 1398 322 1438 sos
345 1374 451 1434 oculos
472 1377 621 1433 insereret
640 1374 764 1445 arcanis,
787 1373 839 1430 scd
861 1384 897 1431 ut
917 1368 991 1431 fidei
1012 1393 1084 1431 suae
1102 1391 1345 1456 consequeretur

274 1460 426 1522 auxilium.
469 1458 589 1517 EtenIm
624 1458 713 1541 ligari
736 1457 809 1516 fecit
833 1459 863 1515 iu
885 1477 1012 1530 orario,
1035 1468 1063 1514 et
1085 1461 1225 1518 orarium
1250 1463 1346 1521 invol-

273 1549 318 1604 vit
350 1547 382 1602 in
403 1542 495 1619 collo,
517 1554 609 1622 atquc
630 1544 670 1600 ita
691 1563 722 1601 se
745 1541 857 1621 dejecit
878 1543 907 1599 in
931 1562 1021 1616 mare,
1044 1562 1106 1599 non
1129 1546 1291 1623 requirens
1312 1547 1345 1606 de

274 1631 358 1689 navis
376 1647 521 1708 compage
538 1626 703 1685 resolutam
723 1624 870 1700 tabulam,
894 1628 943 1684 cui
961 1638 1159 1706 supernatans
1174 1630 1344 1709 juvaretur,

275 1713 420 1794 quoniam
441 1708 515 1768 fidei
537 1709 632 1768 solius
653 1730 736 1768 arma
760 1712 939 1790 quaesierat.
981 1712 1088 1790 ltaque
1109 1709 1158 1768 his
1180 1710 1213 1771 se
1235 1726 1346 1774 tectum

275 1808 367 1874 atque
390 1795 540 1851 munitum
572 1793 642 1852 satis
665 1793 814 1870 credens,
848 1793 904 1852 alia
932 1794 1038 1852 auxilia
1069 1815 1130 1853 non
1156 1794 1345 1859 desideravit.

274 1879 338 1938 Nec
360 1876 493 1935 deseruit
514 1896 593 1949 spes,
616 1898 671 1934 nec
692 1875 798 1936 fefellit
821 1880 935 1958 opinio.
978 1879 1119 1958 Denique
1141 1883 1257 1961 primus
1280 1905 1346 1941 ser·

276 1974 362 2021 vatus
385 1981 419 2019 ex
442 1950 542 2035 undis}
565 1973 595 2018 et
615 1963 647 2019 in
664 1975 787 2042 portum
805 1973 943 2019 terrenae
957 1966 1092 2022 stationis
1116 1977 1245 2040 evectus,
1263 1986 1344 2047 pra·-

277 2040 372 2105 sulem
403 2066 501 2119 suum,
533 2051 630 2103 euise
660 2045 858 2119 crediderat,·
876 2049 1067 2128 recognovit:
1104 2050 1340 2128 statimque-ubi

238 2173 245 2184 .
278 2132 367 2191 etiam
389 2142 524 2199 caeteros
547 2128 684 2189 servulos
705 2146 783 2188 suos·
798 2129 846 2188 vel
870 2131 935 2212 ipse
957 2130 1105 2206 liberavit,
1127 2133 1174 2192 vel
1196 2132 1341 2194 liberatos

276 2217 435 2295 comperit,
455 2212 610 2298 negligens
632 2214 830 2289 facultatum,
863 2235 918 2272 nec
941 2220 1046 2274 amissa
1069 2218 1264 2295 desiderans,
1287 2221 1344 2280 Dei

277 2301 433 2359 ecclcsIam
455 2301 630 2380 requisivit,
653 2311 688 2359 ut
713 2302 819 2381 ageret
840 2300 953 2381 gratias
973 2299 1129 2375 liberatus,
1152 2314 1183 2362 et
1205 2307 1344 2379 mysteria

197 2444 200 2449 ζ
278 2393 632 2468 aeterna'cognosceret,
663 2385 870 2466 pronuncians
890 2384 1005 2442 nullum
1026 2387 1205 2447 referendae
1233 2391 1345 2473 gratiae

277 2471 373 2527 maius
404 2489 468 2527 esse
488 2467 630 2527 officium.

363 2554 388 2618 5'
434 2551 634 2610 PAULINUS
663 2553 782 2613 in'vita
819 2554 916 2625 sancti
947 2551 1119 2614 Ambrosii:
1170 2557 1345 2619 Honoratus

130 2665 267 2706 amm,
280 2636 421 2694 sacerdos
449 2634 590 2693 ecclesiae
616 2630 841 2712 Vercellensis,·
858 2633 927 2697 c'um
951 2638 982 2697 in
1009 2642 1163 2719 superiori
1201 2642 1294 2703 domo
1315 2663 1344 2703 se

103 2718 244 2761 mmm*
281 2720 319 2778 ad
343 2721 476 2800 quietem
501 2721 730 2801 composuisset,
757 2722 850 2781 tertio
877 2743 983 2781 vocem
1002 2728 1137 2783 vocantis
1165 2746 1197 2784 se
1222 2728 1344 2803 audivit,

103 2766 269 2872 iiliffssfrlw
282 2805 470 2884 dicentisque
490 2800 566 2860 sibi:
606 2802 713 2885 Surge·
726 2802 863 2869 'festinat
887 2808 958 2886 quia
982 2808 1074 2866 modo
1096 2821 1139 2867 est
1161 2831 1344 2871 recessurus.

103 2867 210 2952 iiifrii'n
222 2874 267 2903 ω’
281 2890 343 2964 Qui
362 2886 556 2962 descendens,
575 2885 690 2946 obtulit
717 2901 823 2947 sancto
852 2889 1042 2970 (Ambrosio)
1063 2893 1188 2952 Domini
1225 2916 1344 2978 corpus.

280 2974 376 3048 Quod
393 2971 448 3031 ubi
471 2971 602 3055 accepit,
624 2972 722 3047 emisit
746 2974 904 3055 spiritum,
929 2973 1043 3034 bonum
1067 2980 1212 3037 viaticum
1246 3002 1344 3040 secum

278 3058 388 3131 ferens,
410 3066 445 3116 ut
466 3059 498 3116 in
516 3058 630 3117 virtute
650 3068 734 3116 escae
755 3058 854 3119 anima'
875 3058 1031 3132 refectior,
1060 3063 1241 3144 angelorum
1266 3085 1343 3124 nuuc

278 3143 445 3215 consortio,
470 3144 606 3222 quorum
621 3140 806 3202 vitam-‘risit
825 3143 856 3200 in
877 3145 987 3218 terris,
1018 3158 1047 3205 et
1073 3147 1178 3208 Heliae
1200 3153 1344 3211 societate

277 3226 414 3286 laetetur.
517 3234 520 3241 '

345 3324 387 3378 ,6.
430 3306 737 3368 AMPHILOCHIUS
762 3311 845 3392 episc
870 3310 1014 3372 'Iconien
1040 3314 1071 3371 in
1093 3315 1146 3373 vit.
1176 3315 1265 3377 Basil.
1290 3319 1345 3376 M.:

101 3399 252 3443 ⁰⁰¹⁸0vv⁶¹10
276 3396 421 3454 Dividens
445 3392 582 3468 (Basilius
599 3416 666 3451 cunr
684 3395 777 3453 sacris
797 3396 991 3479 operaretur)
1011 3419 1118 3480 panem
1140 3401 1170 3458 in
1188 3412 1252 3461 tres
1275 3422 1346 3484 par-

103 3462 208 3539 iiiiii?
217 3453 264 3491 Μ’
276 3492 332 3554 tes,
354 3480 445 3537 unani
461 3476 585 3556 quidem
608 3480 841 3539 communicarit
869 3483 978 3540 timore
1008 3481 1114 3558 multo,
1144 3482 1270 3545 alteram
1286 3506 1343 3543 au-

275 3575 337 3622 tem
370 3562 532 3621 reservavit
564 3563 752 3644 consepelire
776 3576 893 3624 sectam:
930 3569 1049 3624 tertiam
1082 3586 1154 3626 vero
1187 3571 1342 3652 imponens

277 3647 437 3706 columbae
457 3665 576 3722 aureae,
590 3668 667 3726 quae
683 3648 832 3729 'pependit
855 3670 947 3730 super
967 3649 1068 3723 altare.
1097 3652 1139 3710 Et
1160 3654 1219 3713 sub
1233 3652 1342 3713 linemr

273 3730 315 3789 Et
336 3737 417 3790 circa
439 3727 545 3788 horam
578 3751 687 3789 nonam
715 3736 799 3792 stetit
828 3754 950 3816 magnus
973 3746 1060 3816 pater
1091 3749 1196 3796 noster
1215 3736 1341 3798 Basilius

274 3815 313 3872 ad
334 3816 531 3874 ministerium
550 3817 660 3875 Missae
679 3818 710 3875 in
731 3829 833 3878 sancta
856 3817 982 3879 ecclesia
1008 3820 1096 3878 simul
1121 3842 1191 3880 eum
1220 3823 1292 3882 cleri
1312 3835 1343 3882 et

274 3901 402 3960 civitatis
420 3901 602 3977 capitaneis:
625 3910 655 3957 et
673 3902 781 3960 iterum
812 3903 975 3984 cum‘ipsis
994 3924 1104 3986 panem
1134 3915 1266 3981 sumens,
1292 3907 1344 3966 dr-

148 4053 151 4063 *
272 3985 357 4042 misit-
373 4004 434 4055 eos,
455 3983 606 4043 instruens
627 3995 656 4041 et
669 3985 808 4045 osculans
828 4004 879 4045 eos
906 3987 938 4044 in
960 3990 1066 4049 osculo
1090 4002 1210 4061 sancto,
1235 4004 1266 4050 et
1286 4013 1344 4052 no-

189 4094 192 4105 =
270 4088 340 4124 vum
356 4064 518 4126 CHRISTI
537 4066 659 4126 militem
681 4069 893 4130 commendans
912 4073 1000 4131 etiam
1020 4086 1050 4134 et
1067 4095 1170 4143 omnes
1194 4077 1343 4151 Domino,

270 4162 361 4233 atquc
381 4148 561 4235 dispositam
600 4151 658 4212 sibi
680 4152 870 4239 consepelire
888 4158 1032 4240 sumpsit
1060 4154 1182 4220 tertiam
1211 4171 1340 4243 partem
