2790 4792
262 344 341 419 au
500 317 1098 401 nnsncnaunnro

615 498 996 598 sarnus

308 766 310 776 1
353 706 381 760 1.
425 693 462 753 A.
483 689 728 754 BERNARDUS
749 678 1055 753 in'rita'Malachiae
1069 685 1230 773 episcopi,
1252 702 1284 752 nt
1297 712 1342 752 sn·

268 799 326 864 pra
343 790 459 860 quaest.
478 780 587 860 prima.
628 777 665 837 Α.
683 789 712 844 6.

354 877 383 930 2.
426 859 655 925 CONCILIUM
687 859 908 943 Tridentinum,
929 861 1063 922 sessione
1100 855 1227 919 decima
1251 871 1345 941 quarta

271 951 301 1008 in
325 947 466 1009 doctrina
496 946 533 1007 de
554 945 616 1006 hoe
642 956 844 1024 sacramento,
870 967 937 1029 cap.
965 959 995 1012 2.
1018 955 1050 1004 et
1065 960 1192 1004 canone
1208 945 1344 1021 secundo,

271 1044 307 1094 ut
329 1053 421 1116 supra
439 1042 554 1114 quaest.
596 1032 681 1089 rima.
724 1027 761 1088 Α.
789 1042 823 1096 3.
880 1028 883 1033 ’

358 1129 385 1184 1.
430 1118 463 1176 C.
488 1115 583 1175 CYRI
609 1112 685 1174 LUS
718 1111 940 1174 Alexandrinus
972 1113 1004 1173 in
1027 1113 1177 1175 oratione
1213 1112 1255 1176 de
1276 1117 1345 1177 exitu
1379 1176 1385 1193 ,¹

272 1203 407 1264 animet
449 1200 528 1261 Mihi
550 1199 765 1258 amarulentam
786 1201 881 1258 timeo
903 1196 1079 1282 gehennam,
1104 1199 1228 1281 quippe
1262 1201 1346 1260 inter-
1382 1200 1385 1259 !

271 1289 422 1348 minatam.
464 1284 624 1344 Exhorreo
645 1294 872 1358 tartarum-ut
900 1285 950 1342 cui
972 1284 1102 1341 nimium
1136 1283 1216 1344 insit
1237 1285 1347 1345 caloris.
1375 1284 1385 1355 ’ζ

271 1371 373 1432 Paveo
396 1369 561 1445 tenebras,
588 1368 733 1451 quoniam
767 1365 845 1426 nihil
875 1368 1042 1435 admittunt
1069 1365 1162 1427 lucis.
1208 1369 1348 1433 Formido
1383 1388 1385 1441 1

271 1454 450 1540 pestiferum
471 1474 623 1525 vermem,
653 1454 798 1534 quoniam
820 1464 866 1510 est
887 1453 1037 1534 perennis.
1079 1448 1209 1512 Vereor
1233 1454 1348 1539 angelos
1382 1464 1385 1547 1

246 1599 249 1611 ,
273 1544 304 1600 in
326 1540 458 1620 judicio,
488 1540 633 1620 quoniam
665 1548 737 1596 sunt
767 1534 1031 1596 immisericordes.
1073 1535 1215 1596 Terreor
1246 1551 1347 1617 mente,
1383 1558 1385 1567 ·

274 1626 450 1708 concipiens
472 1623 552 1684 illius
575 1622 637 1681 diei
662 1621 795 1705 rigidum
810 1634 841 1680 et
857 1623 1016 1681 immotum
1030 1619 1200 1700 judicium,
1222 1621 1349 1685 horren·
1382 1618 1385 1681 l

98 1727 239 1774 nuans·
274 1708 348 1768 dum
369 1707 523 1782 tribunal,
545 1709 678 1788 jndicem
701 1727 849 1765 severum.
892 1705 1068 1765 Consternit
1088 1725 1140 1765 me
1172 1704 1283 1768 fluvius
1305 1711 1347 1792 ig·
1383 1740 1385 1745 ·

273 1814 350 1853 neus
370 1805 439 1852 ante
467 1792 569 1851 forum
591 1791 670 1850 illud
694 1792 846 1866 incitatus,
871 1787 1062 1869 flammisque
1086 1790 1268 1852 ferientibus
1282 1813 1347 1852 cre-
1382 1786 1385 1853 l

273 1879 376 1958 pitans
398 1889 453 1936 ete.
497 1876 539 1935 Et
557 1885 630 1957 post
651 1876 810 1935 interiecta
834 1876 998 1955 quaedam:
1044 1874 1126 1950 Quis
1150 1887 1261 1952 terror,
1280 1879 1344 1958 quis
1379 1890 1385 1999 1

98 1983 226 2026 tremant
274 1971 401 2033 tremor,
423 1958 510 2039 quod
533 1970 705 2033 certamen,
733 1980 811 2039 quae
831 1962 876 2018 vis
904 1962 1032 2018 animam
1056 1972 1196 2019 maneta
1217 1979 1343 2041 corpore

98 2039 264 2125 {ffl‘ssw
275 2041 490 2102 secedentem?
533 2041 666 2117 Quando
688 2043 813 2122 quidem
836 2063 893 2102 nos
915 2044 1030 2102 adeunt
1059 2043 1195 2103 caelestes
1225 2037 1340 2101 exerciss

97 2138 231 2222 15231200·
275 2138 325 2186 tus
347 2140 378 2187 et
397 2137 572 2211 potestates,
593 2145 627 2183 ex
650 2122 785 2184 adversis
806 2146 879 2184 vero
902 2130 1008 2209 copiis,
1031 2126 1215 2187 tenebrarum
1233 2138 1333 2186 recto·

275 2231 335 2282 res,
360 2212 514 2293 nequitiae
536 2211 673 2285 Domini,
695 2209 890 2270 telonarchae
920 2213 1076 2293 exigendis
1096 2208 1215 2271 tributis
1248 2231 1341 2293 prae·

275 2296 357 2373 fecti,
383 2294 567 2379 logothetae,
593 2296 747 2354 rationum
772 2295 963 2372 conditores,
990 2310 1086 2377 atque
1112 2300 1260 2356 actionum
1282 2295 1343 2355 eal·

276 2380 441 2457 culatores,
469 2381 501 2439 in
519 2385 589 2441 a'ere
612 2391 745 2463 agentes,
767 2400 824 2440 nec
853 2400 917 2439 non
947 2379 1106 2440 homicida
1132 2379 1273 2441 diabolus
1296 2379 1343 2441 ille

100 2476 164 2518 ruat.
178 2482 225 2522 irc,
244 2481 264 2519 u
276 2468 420 2548 princeps
440 2464 662 2549 improbitatis,
685 2467 734 2525 oui
753 2464 857 2548 lingua
881 2465 1009 2548 perinde
1035 2468 1128 2547 quasi
1149 2478 1237 2526 acuta
1256 2486 1345 2527 nora·
1383 2467 1385 2479 '

98 2527 356 2627 ⁹¹¹¹'⁹'²⁸''‘³'cula,
386 2550 509 2630 dequo
537 2548 705 2633 propheta:
749 2549 903 2632 Sagittae,
937 2551 1058 2630 inquit,
1079 2553 1219 2631 potentis
1247 2562 1343 2635 acutae

276 2654 347 2692 cum
368 2633 554 2694 carbonibus
576 2632 782 2709 desolatoriis,
806 2634 970 2694 insidiatur
986 2647 1146 2714 tamquam
1168 2635 1219 2695 leo
1236 2637 1342 2717 inspe-
1383 2688 1385 2693 .

276 2717 367 2777 lunen
385 2737 448 2794 sua,
472 2717 566 2776 draco
587 2738 730 2798 magnus,
752 2728 911 2800 apostata,
938 2739 1028 2778 orcus
1057 2739 1093 2778 os
1122 2742 1215 2780 suum
1239 2742 1340 2804 erpan-

277 2801 362 2877 dens,
386 2800 550 2882 imperator
569 2803 681 2876 noetis,
705 2801 865 2862 damnator
885 2805 1015 2879 mortis,
1037 2816 1068 2863 et
1087 2816 1127 2864 ut
1150 2805 1264 2866 vindex
1285 2805 1343 2872 ani·¹

275 2906 354 2946 mam
377 2882 531 2967 coercens,
552 2885 725 2961 conferens,
746 2900 980 2968 supputansque
1003 2900 1137 2949 cunctos
1151 2903 1240 2951 aetus
1259 2909 1338 2965 meos,

98 2979 214 3070 gustatu·
277 2969 381 3046 rebus,
400 2968 510 3042 verbis,
533 2970 674 3044 seientia,
695 2971 878 3053 ignorantia,
904 2975 1077 3032 commissos
1104 2988 1214 3039 reatus
1239 2997 1275 3041 ac
1293 2973 1339 3034 lla-

30 3103 38 3127 ,
99 3043 237 3124 simii?
277 3056 351 3140 gitia
378 3054 417 3114 ab
437 3053 639 3114 adolescentia
654 3055 686 3112 in
707 3075 770 3113 eam
789 3074 888 3135 usque
904 3056 994 3133 diem,
1015 3077 1077 3138 qua
1107 3079 1178 3118 som
1211 3079 1337 3144 compre·
1365 3102 1369 3127 ,

275 3139 396 3200 hensus.
438 3139 556 3198 Exinde
580 3149 693 3220 quanta
710 3137 874 3200 formidine
895 3155 926 3200 et
945 3154 1079 3201 tremo1e
1098 3144 1263 3206 arbitraris
1284 3144 1338 3204 ani·

274 3246 353 3284 marn
379 3225 432 3284 die
456 3223 508 3283 illa
533 3221 659 3306 percelli
680 3220 845 3284 horribiles
865 3229 1045 3302 intuentem,
1067 3238 1204 3306 atroces,
1233 3231 1337 3314 impios,

276 3322 307 3368 et
324 3308 467 3367 adversos
488 3307 659 3383 daemones,
680 3327 776 3391 aeque
798 3322 892 3391 atque
907 3311 1063 3396 aethiopes
1078 3310 1270 3398 caliginosos
1291 3313 1336 3373 ad-

275 3405 397 3469 stantes,
415 3393 456 3451 ita
479 3403 514 3451 ut
534 3392 633 3451 forma
647 3392 714 3474 ipsa
728 3397 842 3473 quovis
858 3406 1011 3455 tormento
1025 3397 1065 3454 sit
1078 3401 1222 3477 gravior.
1263 3398 1335 3475 Quos

274 3479 416 3537 nimirum
436 3475 606 3558 adspiciens
630 3478 728 3536 anima
752 3477 923 3557 subsultat,
952 3480 1185 3560 conturbatur,
1207 3485 1335 3569 affigitur,

275 3574 458 3637 exterretur,
479 3559 692 3636 contrahitur,
715 3559 756 3622 ad
791 3563 935 3624 caelestes
955 3565 1078 3648 angelos
1109 3569 1335 3654 confugiens‚⁸

96 3642 389 3738 ¹{isglglttlt‘ttquihus
412 3657 534 3717 excepta
558 3644 641 3705 subit
659 3649 773 3723 adrem,
796 3660 827 3707 et
843 3648 973 3710 sublime
997 3662 1103 3730 petens
1124 3651 1334 3714 offendittelo·

161 3723 169 3738 ’
274 3732 335 3805 nia,
364 3729 602 3807 eoqacendentes
626 3732 739 3790 animas
768 3730 962 3795 observantia
995 3746 1027 3795 et
1055 3743 1261 3802 remorantia.
1295 3735 1334 3796 Sl-

273 3815 398 3896 quidem
417 3814 658 3896 unumquodque
677 3814 826 3876 telonium
850 3818 1018 3902 peculiaria
1043 3820 1202 3900 quaedam
1225 3823 1328 3886 crinin

269 3900 399 3982 profert
454 3897 602 3984 Primum
615 3898 741 3981 quidem
762 3900 972 3984 loquacitatis,
994 3924 1204 3987 quaecunque
1231 3929 1282 3993 per
1302 3920 1331 3963 os

272 3993 303 4041 et
324 3982 459 4064 linquam
488 4005 524 4045 ex
552 3986 728 4058 mendacio,
750 3984 979 4068 jurejurando,
1015 3989 1187 4071 perjurio,
1231 3995 1334 4056 otiosos

270 4067 343 4124 item
360 4088 524 4145 sermones,
551 4089 694 4153 nugaces,
717 4086 825 4147 vanos,
844 4072 932 4155 gulae
951 4072 1109 4157 ingluvies,
1135 4074 1256 4139 abusus
1273 4075 1334 4146 vini,

268 4150 457 4229 profusiores
486 4154 639 4236 crapulas,
660 4154 840 4214 immodicos
860 4158 976 4236 pariter
1004 4157 1084 4217 risus
1118 4172 1221 4242 atque
1252 4161 1335 4223 dede·

264 4238 376 4314 oenus,
403 4256 474 4300 cum
490 4239 602 4299 suaviis
622 4237 796 4321 impudicis,
818 4249 850 4300 et
873 4237 974 4301 foedis
998 4261 1035 4302 ae
1059 4247 1252 4311 meretriciis
1271 4263 1335 4309 ean·
