2790 4792
307 350 310 362 ·
385 296 881 393 nari·1aron·1r.=·‘
1031 311 1176 407 ’491-

10 534 15 570 t
73 518 218 603 iognovit
240 529 367 578 stratum
388 519 418 577 in
444 518 578 591 delicto,
607 514 735 585 habebit
757 512 889 574 fructum
909 517 940 575 in
968 514 1136 578 visifitione

72 606 249 663 animarum.
292 603 331 662 Et
348 603 525 675 Eunuchus,
550 601 602 678 qui
629 620 690 659 non
721 608 766 656 est
790 604 930 677 operatus
962 620 1054 661 manu
1075 604 1137 660 ini-

71 689 232 768 quitatem,
256 707 350 768 neque
379 688 522 770 cogitavit
549 695 655 742 contra
684 681 849 741 Dominum
876 682 961 741 nrala.
1002 686 1137 744 Dabitur

10 793 13 801 ·
73 773 154 830 enim
177 769 247 829 fidei
268 773 332 849 e'jus
353 770 446 833 electa
469 769 572 850 gratia,
596 778 625 824 et
644 788 714 849 pars
738 767 768 822 in
798 765 911 846 templo
937 767 1060 826 Domini
1083 769 1139 828 de-

71 854 230 914 lectabilis.
270 855 350 915 Haec
372 852 482 913 sterilis
506 853 677 931 virginitate
712 849 872 911 foecunda
890 861 950 906 est:
993 851 1050 908 Hic
1072 853 1137 910 En-

72 937 192 997 nuchus
212 958 302 1021 regno
326 939 482 996 caelorum
503 935 562 993 vim
584 935 684 1011 faciat,
708 947 736 994 et
761 933 913 991 violenter
928 932 1033 1012 diripit
1050 934 1136 994 illud.

60 1014 133 1080 'Iste
149 1034 248 1081 custos
265 1034 310 1081 cst
329 1019 544 1092 Sabbatorum,
562 1031 598 1078 ut
620 1036 774 1099 nunquam
796 1018 887 1076 saciat
906 1037 996 1096 opera
1011 1020 1137 1097 nuptia·
1367 1085 1370 1090 ι

70 1126 147 1163 rum.
188 1106 246 1165 Istc
261 1106 361 1185 elegit,
385 1124 462 1182 quac
477 1104 624 1163 Dominus
644 1104 749 1178 voluit,
771 1102 893 1184 utplus
914 1099 1030 1172 offerat,
1045 1120 1133 1180 quam
1145 1096 1309 1196 ξιξξξῃῡὲξξξξυῐ

65 1202 264 1272 praeceptum
287 1199 345 1244 est:
375 1199 409 1245 ut
446 1199 507 1247 non
541 1188 761 1271 indulgentiam
798 1185 939 1269 Apostoli
969 1186 1053 1264 ejus,
1082 1163 1291 1282 sedcepurivest'.

65 1272 250 1332 voluntatem
275 1271 456 1330 consideret.
499 1272 560 1331 Ist'e
579 1285 672 1347 tenet¹
689 1268 798 1331 foedus
830 1271 953 1328 Domini
975 1251 1164 1349 sempiter¹-¹'
1195 1255 1287 1294 ⁰¹¹⁹'⁵'

63 1374 147 1432 num,
172 1369 207 1414 ut
223 1365 286 1411 nort
312 1352 349 1410 ad
377 1366 493 1437 tempus
512 1370 598 1416 vacet
622 1358 764 1431 oratibni,
788 1355 946 1429 etiterum
972 1352 1009 1411 ad
1037 1352 1068 1410 id
1087 1354 1136 1435 ip-

65 1460 132 1499 aum
164 1448 350 1498 revertatur:
386 1440 439 1497 sed
469 1455 664 1523 accepturum
688 1460 750 1499 esse
779 1459 809 1496 se
835 1439 956 1497 noverit
979 1441 1010 1495 in
1042 1437 1134 1496 domo

63 1524 210 1595 Domini,
232 1540 310 1600 quac
338 1534 382 1581 est
405 1523 541 1584 Ecclesia
570 1528 647 1603 ejus,
682 1525 974 1604 locum-eptimam.
1017 1520 1289 1580 Metuendae

57 1610 149 1665 'enim
167 1608 335 1664 mansiones
353 1620 424 1666 sunt
441 1608 523 1688 apud
537 1621 662 1689 patrem.
705 1609 747 1666 Et
761 1609 815 1686 qni
830 1605 1008 1665 'Eunuchus
1027 1604 1131 1680 fuerit,

66 1711 104 1748 ac
126 1689 233 1761 lecerit
248 1691 397 1768 universa,
415 1712 492 1771 quae
512 1695 625 1774 scripta
650 1704 740 1768 sunt,¹
753 1690 879 1767 h'altehit
897 1693 927 1748 in
950 1691 1043 1748 muris
1066 1691 1133 1768 ejus

28 1820 33 1827 .
62 1773 170 1832 locum
196 1774 361 1853 optimum,
396 1788 432 1833 ut
454 1775 570 1835 scilicet
601 1780 692 1837 turris
717 1777 840 1834 Domini
872 1773 1030 1847 efficiatur,
1049 1785 1078 1831 et
1102 1775 1294 1846 innumero.

65 1855 253 1915 sacerdotali
275 1859 419 1918 consistat
442 1860 556 1943 gradu:
583 1874 612 1920 et
633 1883 693 1943 pro
710 1862 806 1919 carnis
822 1856 913 1935 liliis,
936 1857 1049 1915 multos
1071 1838 1313 1931 ¹ha2iiiisiliiiiim.

59 1937 139 1995 'beat
159 1938 238 1999 filios
260 1943 441 2021 spirituales.
484 1945 584 2003 Talem
607 1945 699 2004 luisse
713 1943 909 2016 Eunuchum,
923 1960 1022 2020 quem
1045 1937 1313 2024 Jesusffifflssffgj

62 2025 174 2080 amavit
194 2024 365 2103 plurimum,
389 2028 597 2113 evangelistam
621 2031 793 2103 loannem,¹
808 2027 1034 2085 Ecclesiasticae
1065 2014 1309 2121 tra-panoniam.

62 2104 143 2162 dunt
169 2104 323 2181 historiae,
348 2112 401 2188 qui
433 2112 575 2189 recubuit
596 2134 688 2194 super
717 2122 822 2195 pectus
842 2110 927 2183 lesu,
952 2111 1014 2188 qui,
1036 2107 1129 2166 Petro
1141 2095 1208 2169 silit.
1220 2132 1254 2176 15,
1269 2142 1294 2178 25

61 2182 180 2246 tardius
200 2190 380 2273 ambulante,
407 2194 500 2255 elatus
520 2198 699 2278 virginitatis
721 2196 778 2254 alis'
796 2196 933 2277 cucurrit
956 2192 994 2248 ad
1022 2192 1131 2247 Domi·
1143 2185 1165 2217 ‘²‘
1179 2189 1211 2224 '¹'
1226 2188 1256 2223 ²⁰·

63 2291 152 2331 num:
175 2277 225 2353 qui
251 2277 281 2333 in
304 2282 418 2337 secretd
436 2279 553 2338 divinae
576 2301 607 2338 se
627 2280 796 2339 Natiuitatis
811 2279 1013 2354 immergens,
1041 2292 1130 2331 ausus

68 2367 110 2415 est
141 2356 258 2434 dicere,
288 2361 370 2441 quod
408 2376 516 2420 cuneta
552 2362 652 2421 secula
683 2359 877 2419 nesciebant:
922 2359 956 2414 ln
977 2357 1130 2436 principio

61 2453 128 2499 erat
147 2443 285 2519 verbum,
308 2457 338 2501 et
357 2446 485 2502 verbum
509 2456 574 2502 erat
590 2444 673 2525 apud
690 2444 804 2500 Deum:
828 2441 956 2514 etDcus
974 2449 1039 2496 erat
1063 2459 1132 2497 ver·
1142 2441 1209 2482 ³⁰⁸⁰*
1220 2451 1239 2490 1·
1255 2458 1272 2486 ¹·

63 2522 155 2583 bum:
184 2524 246 2585 hoc
270 2537 332 2583 erat
356 2527 386 2582 in
409 2528 562 2605 principio
589 2529 669 2608 apud
694 2527 816 2584 Deum·
1063 2560 1066 2567 ·
1119 2558 1124 2569 ·

149 2621 178 2674 6.
222 2610 329 2666 Beatus
350 2607 532 2667 BASIL‘IUS
555 2612 585 2668 in
621 2610 672 2669 lib.
696 2610 734 2668 de
766 2614 835 2667 vera
858 2606 1047 2688 virginitates
1091 2605 1304 2679 Etruscam

60 2704 132 2764 sunt
161 2691 321 2771 spadones,
344 2690 450 2771 qui'sc
472 2694 551 2775 ipsos
567 2694 761 2754 absciderunt
773 2702 901 2775 propter
918 2712 1041 2774 regnum
1062 2711 1131 2751 cac·
1143 2680 1282 2780 {ffifflg'elffi

62 2773 186 2836 lorum:
210 2776 262 2854 qui
277 2776 364 2832 etiam
387 2779 511 2837 caeteris
525 2781 759 2858 praestantiores
781 2786 861 2852 sunt,
883 2777 1060 2856 quiequam
1075 2795 1130 2834 ne·
1141 2790 1191 2817 ‘⁰¹¹¹
1210 2780 1285 2833 ἰωὴ
1305 2792 1306 2797 ’

57 2864 125 2940 'que
148 2871 273 2916 naturae
306 2857 345 2916 ad
375 2863 540 2920 castitatem
574 2863 718 2923 tuendam
748 2865 883 2938 nitantur
912 2860 1042 2936 auxilio,
1076 2881 1131 2918 ne-

29 2996 33 3001 .
60 2962 123 3023 que
147 2939 185 2998 ab
207 2940 391 3018 hominibus,
414 2966 547 3025 quorum
575 2948 632 3007 suh
669 2949 784 3007 ditione
813 2955 902 3019 sunt,
925 2965 979 3026 spe
1007 2945 1131 3024 praemii

30 3072 39 3080 .
60 3024 247 3101 alliciantur,
270 3028 329 3107 ipsi
350 3040 443 3088 semet
458 3036 590 3114 'propter
606 3054 699 3115 regna
726 3022 879 3091 caelorum
901 3029 939 3089 ad
972 3029 1131 3109 virginita-

56 3109 314 3188 tis'praeclarum
350 3122 500 3173 certamen
530 3131 686 3191 exercent,
709 3117 949 3196 conjugiumque
982 3124 1012 3169 et
1040 3111 1129 3170 simul

62 3213 153 3252 omne
176 3193 306 3267 seculum
332 3196 398 3272 ejus
421 3201 584 3261 servandae
603 3222 689 3261 causa
714 3209 920 3273 contemnunt,
944 3216 1129 3278 regnumque

58 3274 188 3336 caeleste
210 3296 279 3339 cum
299 3279 412 3340 sudore
451 3283 655 3367 gloriosisque
686 3282 846 3344 laboribus
869 3293 1047 3358 capessunt,
1071 3292 1127 3339 etc.

56 3361 125 3435 Qui
154 3380 185 3419 se
206 3364 305 3444 ipsum
327 3365 471 3427 instinctu
498 3373 610 3449 gratiae
630 3369 773 3452 spiritalis
792 3366 937 3440 abscidit,
961 3365 1130 3445 praecipu-⁸

55 3464 174 3523 umque
203 3467 237 3505 ac
260 3448 411 3529 singulare
447 3456 525 3534 opas
549 3477 603 3537 per
629 3453 870 3522 continentiam,
893 3461 923 3507 et
944 3448 1060 3517 {ardens
1086 3448 1125 3506 ad

57 3539 169 3588 cuncta
192 3534 373 3607 exercitium,
396 3557 504 3596 munus
525 3559 613 3597 suurn
636 3540 724 3607 fecit,
747 3536 797 3595 hic
819 3538 901 3606 suis,
927 3552 988 3590 non
1021 3532 1125 3591 alienis

55 3626 143 3671 recte
170 3614 274 3690 sactis,
296 3618 326 3675 in
342 3617 462 3677 caelesti
487 3642 580 3705 regno
607 3623 751 3682 honestus
777 3632 808 3681 et
832 3619 933 3676 clarus
966 3629 1019 3674 cst
1061 3612 1300 3676 Eo·E³²¹⁸⁶⁵⁰1⁵·t·'

56 3696 128 3756 dem
152 3699 181 3756 in
208 3699 279 3759 loco
302 3702 522 3782 interpretatur
552 3707 645 3766 verba
673 3708 779 3764 Esaiae
799 3703 848 3775 [de
872 3701 986 3760 iisdem.
1030 3700 1070 3758 Et
1092 3702 1123 3758 in

53 3783 210 3864 principio
233 3784 305 3842 libri
322 3783 502 3846 hanchabet
522 3793 714 3850 sententiam:
738 3792 880 3871 Magnum
903 3805 1007 3843 revera
1030 3784 1124 3864 qnid·
1293 3843 1298 3852 ,

52 3864 127 3925 dam
151 3886 185 3925 ac
222 3868 389 3928 raeelarum
410 3872 566 3952 virginitas
590 3887 651 3933 est:
677 3894 754 3954 quae
777 3884 827 3935 tut
847 3883 945 3930 totum
959 3869 1045 3926 simul
1070 3862 1279 3955 ex-Jffjnssffif'

50 3950 183 4032 plicam)
197 3889 357 4012 hominem
378 3952 687 4037 incorruptibili'Deo
710 3957 891 4017 simillimum
904 3954 997 4022 ‚facit
1040 3952 1121 4011 Haec
1132 3964 1175 4010 tto.

17 4044 160 4095 *autem
182 4035 320 4115 profecto
352 4056 415 4096 non
451 4059 468 4098 a
502 4041 690 4124 corporibus
728 4042 768 4102 ad
789 4041 900 4099 animas
931 4048 1046 4098 manat:
1068 4036 1122 4097 sed

49 4140 126 4178 cum
148 4118 349 4199 incorporalis
372 4123 493 4182 animae·
508 4127 637 4208 propria
658 4138 688 4186 et
707 4126 870 4209 praecipua
894 4124 941 4197 sit,
963 4124 1029 4200 ejus
1049 4142 1122 4202 pre-

43 4203 218 4267 ciosissima
244 4205 416 4288 integritate
443 4228 577 4296 corpore
601 4230 725 4294 quoque
754 4211 933 4292 incorrupta
952 4217 1119 4268 servantur.

1141 2250 1209 2288 Joan.
1228 2258 1259 2297 20,
1272 2259 1291 2297 a,
