2790 4792
261 316 341 393 m4
511 260 1094 402 onsecrannrto

267 494 377 559 offerat
397 490 480 555 done
509 504 541 553 et
573 487 724 555 sacrificia
747 490 971 574 propeccatis
1020 486 1063 549 Et
1083 487 1201 571 ‚capite
1230 499 1342 551 octavo:

268 603 376 666 Omnis
399 598 480 668 enim
496 598 646 684 pontifex,
664 597 705 661 ad
720 592 909 659 offerendum
923 615 1053 658 munera
1066 606 1102 658 et
1127 595 1259 658 hostias
1274 619 1340 658 con-

268 686 412 772 stituitur.
876 686 879 691 ’

349 815 451 877 Item
471 831 538 896 cap.
555 818 625 880 ωε
667 802 732 894 ipsi
755 812 837 873 enim
861 806 1043 895 pervigilant
1063 810 1161 894 qnasi
1201 813 1338 873 rationen

267 942 328 1007 pro
357 902 515 982 animabus
534 920 642 979 vestris
659 918 820 980 reddituri.

350 1026 393 1094 ΙΙ.
421 1024 608 1087 Corinth.
630 1023 692 1086 V.=·
731 1026 795 1088 Pro
811 1023 986 1087 CHRISTO
1011 1022 1173 1107 legatione
1184 1025 1339 1109 fungimur,

221 1156 223 1161 ·
269 1148 413 1218 tanquam
436 1135 504 1194 Deo
528 1129 706 1193 exhortante
725 1154 782 1216 per
807 1154 872 1194 nos.
914 1132 1072 1215 Etpanlo
1102 1144 1199 1192 ante:
1246 1131 1342 1194 Omnia
1374 1128 1377 1133 ’

269 1258 371 1305 autem
399 1263 435 1303 ex
455 1238 555 1317 ΠΕΟ,
582 1244 636 1321 qui
656 1260 714 1300 nos
732 1239 943 1301 reconciliavit
961 1239 1020 1299 sibi
1047 1259 1109 1322 per
1130 1238 1342 1318 CHRJSTUM,

271 1364 302 1414 et
322 1348 408 1413 dedit
428 1346 518 1410 nohis
542 1348 741 1408 ministerium
758 1344 1029 1409 reconciliationis.

622 1548 998 1615 PATRES.

359 1753 387 1808 1.
428 1735 465 1799 A.
487 1735 667 1799 BASILIUS
686 1736 739 1799 lib.
758 1737 800 1797 H.
816 1734 854 1796 de
873 1734 1034 1817 baptismo,
1055 1753 1125 1818 cap.
1148 1748 1185 1805 8:
1220 1735 1254 1796 Si
1277 1757 1344 1797 vero
1373 1746 1376 1751 '

276 1825 439 1904 quisquam
461 1822 606 1901 objiciat:
652 1821 737 1899 Quid
763 1822 858 1904 igitur
881 1833 935 1896 est,
956 1817 1043 1898 quod
1064 1817 1238 1901 Apostolus
1262 1821 1345 1882 dixit:

276 1907 357 1967 Volo
379 1911 462 1966 viros
491 1906 611 1987 precari
635 1908 666 1964 in
683 1907 791 1986 quovis
821 1904 902 1980 loco,
934 1902 974 1962 ob
1003 1902 1037 1961 id
1073 1904 1161 1985 quod
1194 1898 1344 1964 Dominus

278 1992 343 2069 ipse
375 2000 556 2071 potestatem
585 1988 672 2047 dedit
699 1990 850 2048 adorandi
873 1990 973 2046 Deum
998 1989 1031 2045 in
1061 1989 1141 2047 omni
1166 1987 1256 2062 loeo,
1288 1989 1340 2047 uhi

99 2048 247 2150 itiin'qiiffl‘
279 2072 376 2132 dixit:
416 2071 523 2154 Neque
543 2070 765 2148 Hierosolymis
786 2070 937 2154 posthac,
964 2093 1065 2152 neque
1083 2073 1113 2129 in
1140 2081 1244 2130 monte
1275 2071 1337 2129 isto

102 2146 255 2235 ’,ξζξῗζοξζῇξῨ
280 2155 460 2215 adorabitur
483 2154 592 2238 pater?
634 2155 702 2214 Hoc
725 2154 960 2229 dicendumst,
993 2153 1078 2236 quod
1094 2152 1178 2228 illud,
1201 2158 1231 2210 io
1250 2154 1334 2211 omni

103 2243 208 2286 “mittut
225 2240 367 2316 est-loco,
391 2262 453 2300 non
477 2236 710 2322 comprehendit
733 2259 785 2300 eos
800 2237 897 2314 locos,
928 2240 981 2318 qui
1006 2236 1261 2298 humanisusihns
1288 2258 1341 2297 re-

277 2325 399 2407 busqne'
432 2325 594 2384 immundis
615 2316 646 2385 et
676 2321 847 2409 prophanis
870 2322 1006 2405 deputati
1034 2335 1126 2383 sunta
1157 2322 1209 2383 sed
1240 2321 1344 2381 dilatat

278 2432 314 2470 ac
335 2411 457 2472 diducit
478 2409 690 2473 adorationem
720 2409 779 2469 Dei
802 2407 840 2467 ah
865 2420 950 2467 arcto
977 2407 1212 2484 Hierosolymae
1235 2406 1339 2466 ambitu

104 2468 269 2521 ¹⁸¹⁸⁰¹¹'¹'¹¹'
279 2498 311 2555 in
343 2515 463 2555 omnem
491 2496 586 2554 totius
615 2493 700 2555 orbis
727 2492 839 2553 locum.
889 2492 931 2550 Et
952 2493 1125 2552 secundum
1158 2491 1338 2575 prophetico

278 2577 407 2656 hostiae,
432 2600 498 2639 eum
519 2580 573 2659 qui
594 2578 752 2661 diligenter
764 2598 805 2643 ,ac
825 2575 960 2636 studiose
977 2576 1016 2635 ad
1041 2576 1255 2638 sacerdotium
1284 2575 1340 2660 glo·

279 2664 354 2721 'riosi
379 2664 514 2738 mysterii
535 2662 713 2723 obeundum
737 2681 908 2745 propensus
930 2672 994 2735 cst,
1024 2660 1093 2720 Deo
1129 2662 1235 2722 dicare
1259 2679 1343 2744 opor-

81 2741 334 2854 ξὶῗῗῐῑὲὲἷῐεῑ.
375 2747 451 2806 Nam
472 2748 596 2888 etiamsii
607 2748 764 2889 audiaIrJnus
785 2745 969 2887 prophetam
992 2745 1172 2806 dicentem=
1215 2747 1279 2806 Vos
1298 2764 1343 2803 ao·
1383 2812 1385 2823 Ι

261 2841 343 2896 ⁸tem
369 2849 471 2890 omnes
490 2848 576 2890 sacer
600 2843 665 2890 otes
720 2833 747 2891 ei
764 2851 839 2890 roca
864 2831 966 2887 imini:
997 2850 1034 2886 ne
1058 2849 1097 2888 ue
1125 2843 1231 2891 tamen
1254 2846 1342 2889 omues

102 2868 349 3000 {Effiijlff'i'ihmon
370 2912 504 2994 hujusce
531 2915 694 2975 sacerdotii
712 2937 746 2975 ac
767 2915 924 2974 ministerii
949 2852 1134 2994 potuissem
1162 2931 1341 2998 usurpamus,
1382 2932 1385 2987 j

279 3000 379 3078 ncquc
399 2999 475 3059 alius
488 2997 538 3056 alii
564 2997 662 3058 datam
677 3001 803 3082 gratiam
819 2996 900 3056 licite
919 3008 1020 3080 potest
1043 2998 1083 3057 ad
1105 2998 1143 3057 se
1158 3021 1279 3082 rapere,
1299 2994 1341 3057 sed

279 3084 419 3164 quisquis
438 3078 575 3142 fidelium
592 3085 727 3165 propriis
753 3083 827 3143 doni
851 3083 908 3141 Dei
930 3082 1067 3141 terminis
1099 3096 1270 3144 contentus
1290 3100 1342 3141 ma-

279 3178 340 3242 net,
362 3167 490 3228 docente
518 3187 575 3227 nos
600 3167 772 3249 Apostolo,
798 3167 871 3226 dum
905 3166 944 3225 ad
970 3187 1072 3226 omnes
1101 3167 1237 3248 quidem
1263 3167 1342 3227 dicit=

104 3231 171 3274 ¹³⁰³·
184 3239 222 3283 ¹²'
235 3241 257 3283 ¹·
280 3249 420 3311 Obsecro
443 3263 540 3311 autem
561 3271 613 3316 ros
632 3250 740 3312 fratres
763 3269 819 3334 per
836 3251 1040 3311 miserationes
1056 3251 1126 3322 Dei,
1152 3265 1190 3312 nt
1212 3252 1343 3315 exhibet·

279 3336 318 3393 tis
342 3355 476 3418 corpora
500 3348 599 3396 restra
628 3334 758 3396 hostiam
782 3336 939 3408 viventem,
961 3347 1016 3393 etc.
1060 3334 1102 3394 Et
1135 3359 1196 3420 per
1223 3349 1344 3398 mutuam
1383 3326 1385 3365 ⁵

280 3415 363 3478 illam
388 3417 594 3478 membrorum
616 3420 757 3503 corporis
782 3430 896 3477 rectam
915 3418 1161 3500 dispositionem,
1186 3443 1281 3504 quam
1306 3421 1344 3478 in·

279 3514 328 3563 ter
349 3522 380 3562 se
404 3503 444 3563 ad
464 3502 619 3563 decentem
635 3515 824 3565 venustatem
845 3503 960 3584 pariter
983 3514 1013 3561 et
1031 3506 1237 3567 securitatem
1255 3523 1344 3566 necet⁴

282 3589 390 3645 sariam
415 3586 541 3662 hahent,
561 3608 698 3646 normam
719 3587 809 3647 nobis
845 3585 1047 3668 praescribit,
1073 3609 1170 3664 quarn
1196 3586 1344 3652 commode

283 3689 318 3729 ac
332 3671 472 3731 decenter
486 3672 566 3730 inter
584 3692 640 3730 nos
652 3671 691 3731 ad
706 3668 927 3753 beneplacitum
939 3671 1006 3748 Dei,
1029 3672 1060 3729 in
1073 3671 1254 3736 dilectione
1269 3671 1343 3737 (ihil⁴

282 3755 321 3814 sti
342 3755 413 3815 Jesn
435 3767 466 3815 et
483 3753 700 3814 charismatum
723 3755 893 3816 differentia
919 3755 1059 3837 dispositi
1088 3776 1155 3818 esse
1184 3759 1339 3822 debeamus·

365 3864 395 3919 o.
447 3849 705 3911 AUGUSTPNUS
738 3849 791 3911 lib.
822 3863 874 3916 20.
903 3849 942 3909 de
973 3851 1093 3908 civitate
1126 3852 1216 3928 Dei,
1263 3850 1345 3946 cpite·

284 3947 343 4010 10,
380 3955 531 4016 exponens
551 3934 626 3995 illud
651 3932 866 4018 Apocalypsis:
911 3933 972 3994 Sed
987 3945 1078 3994 erunt
1095 3939 1283 4002 sacerdotes
1301 3937 1349 3997 lter

105 4002 268 4099 §Ess‘ssffli
282 4029 312 4076 et
334 4017 460 4095 Christi,
485 4032 515 4079 et
535 4017 708 4101 regnabunt
722 4041 790 4080 cum
813 4040 848 4078 eo
865 4017 948 4078 mille
973 4021 1074 4078 annis:
1097 4041 1163 4081 non
1192 4027 1304 4108 ntique
1321 4017 1352 4080 dt

20 4134 23 4141 ·
102 4103 256 4197 migrata
281 4099 443 4184 Episcopis
460 4115 492 4164 et
506 4101 696 4185 presbyteris
720 4103 837 4163 dictum
857 4112 915 4176 est,'
933 4104 987 4182 qui
1004 4104 1133 4186 proprie
1156 4109 1226 4187 jam
1250 4124 1354 4170 vocan-

101 4198 212 4258 npneopt
225 4211 248 4248 a
280 4195 332 4244 tur
360 4184 391 4245 ic
411 4186 537 4250 eeclesia
553 4187 746 4253 sacerdotes:
767 4187 821 4250 sed
849 4193 929 4249 sicut
951 4203 1056 4250 ornnes
1082 4187 1287 4258 Christianos
1313 4190 1354 4253 di·

98 1899 117 1934 l·
128 1890 185 1932 Tim·
198 1899 219 1940 22
231 1898 251 1939 8·
