2790 4792
161 334 166 349 ’
253 396 301 433 ,-
404 350 917 439 'incurrans
1086 385 1136 452 21

159 523 191 630 i.
230 550 485 621 rnmnnrinn
514 555 649 632 synod:
663 542 749 627 εἶρε..
772 571 800 626 7.
821 522 1014 624 resinat.
1036 560 1068 623 tn
1088 583 1156 646 ge.
1284 581 1308 603 ·-

72 669 151 708 nere
172 669 240 708 can.
260 659 326 712 tu:
357 644 389 704 Si
411 645 481 724 quis
504 642 636 729 dixerit,
653 641 842 707 Christianos
864 667 967 731 omnes
988 650 1023 709 in
1043 647 1142 711 verbo
1169 648 1172 653 ’
1342 639 1349 657 ’

76 743 110 790 et
139 731 281 793 omuibus
312 727 508 795 sacramentis
543 724 790 786 administrandis
813 727 926 792 habere
948 745 1140 817 potestatem,

76 814 430 966 81ιὶἰὶΙῗῃέ.ΜΞΞᾹΙΠΞΜ
452 891 569 969 Synud.
593 848 669 969 ibid.
692 913 756 952 can.
783 908 853 961 12:
874 894 908 957 Si
923 899 1000 979 :quis
1021 897 1139 975 dixerit,
1149 886 1317 992 mma:-

75 985 246 1044 ministrum
267 983 297 1041 in
317 972 445 1065 pec'cato
468 972 593 1037 mortali
615 978 803 1053 existentem,
835 979 929 1040 modo
963 986 1062 1044 omnia
1090 988 1208 1044 esdiffil
1222 985 1319 1075 ⁴⁸³2th
1355 1018 1359 1031 ·

73 1067 229 1144 seruilia,
251 1087 329 1148 quae
350 1065 389 1126 ad
413 1064 642 1144 Sacramentum
662 1060 960 1125 conficiendum·aut
978 1040 1274 1128 conteneo-⁸⁸³⁸*

72 1151 147 1212 dum
169 1163 323 1234 pertinent
335 1168 356 1226 ,·
371 1147 561 1220 servaverit,
582 1144 814 1211 nonconficere
842 1160 896 1221 aut
918 1151 1059 1213 conferre
1082 1152 1142 1214 Sa·

71 1248 280 1310 crumentum,
303 1233 465 1295 anathema
488 1228 536 1288 sit.
573 1247 579 1255 '

155 1334 185 1385 2.
228 1312 489 1378 A'UGUSTINUS
531 1321 612 1370 cont.
645 1310 791 1372 Crescon.
824 1314 988 1376 Grammat.
1018 1316 1053 1377 L.
1086 1316 1143 1380 lv.

69 1424 138 1485 cap.
161 1416 228 1470 20.:
257 1402 331 1463 Non
353 1398 425 1463 ideo
446 1396 570 1455 veriora
588 1406 648 1458 etc.
668 1409 704 1455 ut
723 1399 754 1455 in
777 1408 871 1459 textu.
928 1399 970 1458 Et
985 1398 1055 1459 ideo
1077 1397 1147 1460 fieri

68 1499 191 1572 potest,
213 1499 251 1545 ut
271 1480 420 1550 accedens
447 1480 485 1538 ad
505 1480 679 1538 societatem
701 1480 810 1562 popuii
832 1482 913 1559 Dei,
947 1482 1038 1543 alium
1060 1486 1147 1544 inve·

68 1575 150 1645 niat,
176 1591 194 1627 a
218 1586 283 1646 quo
306 1561 396 1622 facite
417 1561 597 1644 baptizetur,
618 1562 707 1622 alium
731 1563 820 1646 eligat
828 1576 852 1641 ,'
869 1572 958 1647 quem
981 1566 1145 1626 sulubriter

69 1657 229 1716 imitetur.
295 1646 401 1706 Certus
440 1659 485 1706 est
517 1648 615 1722 enim,
649 1660 785 1708 sanctum
818 1670 895 1713 esse.
914 1650 1144 1714 Sacramentum

73 1714 272 1807 enuisti}
300 1732 387 1789 etiam
415 1732 440 1790 si
467 1752 525 1813 per
559 1733 655 1791 minus
683 1745 819 1811 sanctum
850 1733 898 1793 vei
919 1756 981 1807 non
1002 1749 1139 1797 sanctum

73 1819 236 1880 hominem
253 1817 464 1874 'ministratum
486 1826 545 1875 est:
574 1834 610 1874 'sc
631 1826 729 1874 autem
752 1817 889 1897 ejusdem
911 1821 1006 1904 ipsius
1028 1821 1140 1880 Sacra-

70 1902 171 1964 menti
202 1906 359 1958 sanctitate
384 1900 500 1980 puniri,
535 1899 559 1957 si
583 1899 704 1981 indigne
726 1904 1042 1984 acceperit3'nimale
1064 1926 1137 1967 usus
1226 1904 1248 1963 ·'‚.

70 1986 190 2061 fuerit,
203 1985 236 2061 'si
258 1984 285 2041 ei
308 2003 371 2042 non
393 1985 607 2042 convenienter
631 1997 662 2043 et
683 2005 818 2071 congrue
838 1982 955 2047 vixerit.
1020 2058 1024 2067 Ι

158 2080 188 2135 3.
231 2066 338 2126 IDEM
358 2068 391 2125 L.
412 2065 466 2126 IV.
490 2079 569 2126 cont.
591 2067 742 2129 Donatist.
764 2091 830 2154 cap.
853 2082 899 2138 lu:
937 2070 969 2131 si
1000 2074 1139 2154 pervim

75 2154 262 2213 sacramenti
292 2150 349 2209 Dei
385 2171 491 2212 avarus
520 2150 648 2212 dimittit
674 2166 818 2234 peccatu,
840 2157 928 2217 etiam
943 2154 1137 2216 ‘haereticum

77 2237 183 2320 siper
204 2239 282 2296 vitae
305 2235 462 2311 meritum,
484 2256 538 2294 nec
557 2239 613 2294 iste
632 2256 688 2294 ncc
712 2237 772 2313 ille.
1108 2298 1112 2309 ⁸
1208 2278 1210 2283 -
1296 2278 1300 2287 ·

160 2333 187 2389 4.
229 2319 330 2379 ITEM
351 2319 384 2377 L.
405 2320 445 2379 ΙΙ.
468 2330 548 2379 cont.
571 2318 673 2377 literas
694 2318 833 2379 Petilian.
852 2316 966 2407 Dpna'c
989 2343 1056 2404 cap.
1069 2334 1139 2390 47.:

75 2405 228 2466 Memento
250 2402 449 2464 sacramentis
467 2404 525 2461 Dei
541 2412 599 2460 etc.
622 2412 657 2459 ut
677 2403 709 2460 in
729 2414 822 2461 textu.
1011 2440 1017 2447 -

158 2503 188 2557 5.
230 2487 285 2546 ET
313 2498 431 2547 tractat.
454 2499 485 2552 5.
510 2487 542 2542 in
563 2483 829 2566 Evang.-Joann.:‚
854 2482 948 2547 Aliud
970 2499 1015 2548 est
1035 2485 1141 2569 bapti·

74 2595 144 2635 zare
165 2593 222 2655 per
243 2572 458 2644 ministerium,
482 2567 566 2626 aliud
583 2566 738 2649 baptizare
760 2590 817 2651 per
833 2582 1022 2654 potestatem.
1056 2572 1140 2657 Bap-

73 2662 161 2718 tisma
182 2658 261 2715 enim
280 2654 340 2715 tale
362 2668 425 2729 est,
441 2651 539 2733 qualis
553 2663 599 2711 est
620 2651 681 2727 ille‘,
699 2654 730 2711 in
751 2655 839 2734 cnjus
856 2664 1005 2736 potestate
1027 2654 1137 2716 datura

72 2764 136 2805 non
167 2741 261 2823 qualis
283 2751 328 2798 est
349 2738 410 2812 illc,
429 2758 484 2819 pei·
503 2737 590 2816 cujus
610 2737 808 2799 ministerium
826 2739 927 2804 datur.
972 2742 1056 2817 Quid
1078 2741 1137 2801 tibi

72 2827 148 2888 facit
168 2825 303 2883 minister
331 2820 446 2897 malus,
477 2818 531 2878 ubi
552 2821 650 2881 bonus
680 2834 725 2881 cst
743 2823 915 2883 Dominus?
957 2823 1025 2883 Sint
1044 2827 1137 2884 mini-

73 2913 131 2971 stri
154 2910 246 2988 justi,
280 2909 305 2965 si
325 2904 447 2966 volunt:
483 2906 508 2963 si
528 2917 628 2965 autem
649 2906 820 2984 noluerint,
857 2929 999 2967 securum
1018 2930 1065 2968 me
1088 2909 1137 2968 fa·
1187 2980 1191 2989 Ι

73 2998 119 3055 cit
140 2994 284 3072 magister
298 3009 401 3065 meus,
422 2989 460 3048 de
481 3010 544 3071 quo
562 2991 688 3072 spiritus
710 2993 776 3072 ejus
800 2992 892 3051 dixit:
909 2992 976 3063 ,Hic
998 3004 1059 3064 est,
1083 2994 1137 3074 qui
1202 2988 1207 3005 ²

69 3077 220 3160 baptizat.
264 3073 351 3147 Quos
370 3073 532 3154 baptizavit
550 3074 661 3148 Judas‚
684 3096 762 3155 quos
785 3075 921 3134 ebriosus
944 3087 997 3134 aut
1008 3075 1137 3152 adulter,
1310 3070 1313 3077 ¹

72 3164 99 3222 ci
120 3159 274 3241 baptisma
295 3155 453 3216 CHRISTI
466 3168 548 3233 erat,
571 3157 766 3218 CHRISTUS
786 3157 959 3240 baptizavit.
1201 3148 1206 3159 ¹

158 3256 189 3311 6.
231 3239 464 3301 AMBROSIUS
485 3242 514 3298 in
532 3243 565 3300 L.
588 3242 626 3303 de
645 3241 801 3323 his‚·qui
834 3240 985 3317 mysteriis
1011 3240 1137 3300 initian·

71 3341 142 3407 tur,
167 3348 232 3411 cap.
253 3340 300 3392 5.:
322 3326 392 3385 Non
415 3325 520 3382 merita
547 3346 746 3407 personarum
765 3336 822 3386 etc.
844 3327 927 3383 utin
947 3335 1040 3396 textu.

155 3424 188 3480 ,7.
231 3406 556 3471 CHRYSOSTOMUS
584 3408 664 3469 hom.
695 3422 725 3476 8.
756 3411 787 3468 in
807 3409 833 3472 I.
861 3406 1017 3470 Corinth:
1052 3405 1134 3472 Nihil
1160 3418 1163 3423 ·

71 3508 204 3585 propter
219 3496 387 3559 sacerdotis
408 3493 503 3554 vitam
521 3503 576 3552 etc.
596 3506 631 3556 ut
651 3495 684 3554 in
704 3490 818 3559 textu.
1197 3500 1200 3505 Δ

543 3683 646 3760 vni.
745 3776 750 3786 ¹

73 3840 185 3954 Quid
212 3839 477 3948 judicandum
506 3838 559 3924 de
588 3838 877 3938 caeremoniis,
909 3836 1131 3955 praecipue
1195 3837 1220 3845 ”

100 4013 278 4098 quarum
307 3979 501 4065 solemnis
529 3996 603 4121 est
618 4006 718 4061 usus
744 3977 786 4061 in
804 3977 1103 4063 Sacramentisi

168 4147 216 4219 A.
269 4119 533 4236 caeremonia
557 4143 605 4218 ab
623 4116 1305 4250 ‘Ecclesia'probitaa-ritusfpppppg

73 4246 229 4365 quidm
252 4282 340 4342 sunt
369 4246 511 4344 externi
539 4267 722 4370 'reiigione
752 4256 798 4342 ac
822 4247 1000 4339 decenter
1024 4255 1182 4349 insti-{t
1200 4249 1242 4346 33:
1262 4245 1306 4338 ii:
