2790 4792
27 2559 30 2566 .
96 2553 133 2579 nis
153 2542 238 2580 mortni

280 310 362 393 me
507 283 1109 395 ,nusaoaaunuro

97 536 242 574 „mm
277 496 348 559 dam
370 509 529 581 peceatum
549 515 624 572 esse,
654 489 741 579 qnod
766 514 866 579 neque
893 494 924 559 in
954 491 1016 558 hoo
1035 495 1166 578 seculo,
1187 519 1296 585 neque
1320 510 1348 569 in

95 581 386 689 {fpfffbffir'g'futuro
408 586 625 643 remitteretur:
648 603 714 673 eur,
727 580 787 641 lioc
809 583 927 657 dixerit,
948 584 975 642 si
997 580 1081 643 nulla
1112 598 1220 646 manet
1249 591 1284 648 in
1304 593 1349 652 fn·

93 679 144 719 tier·
277 679 350 727 turo
372 670 510 729 remissio
531 668 711 750 purgatiove
733 665 873 748 peccati?

96 728 217 777 ¹⁸‘'¹'‘¹²'
233 735 266 774 ⁵²'
364 786 413 842 11.
455 771 712 834 iuousriuus
739 776 770 832 in
797 771 1203 856 un0i1i1a10,·0ap.110.2
1250 780 1344 863 resq..

274 859 445 943 negandum
468 871 520 933 est,
542 858 757 918 defunctorum
771 860 882 917 animas
901 860 1013 940 pietate
1031 878 1161 917 suorum
1183 865 1346 925 viventium

274 945 514 1019 relevari,·cum
545 962 603 1026 pro
625 940 684 1000 illis
717 940 899 1002 sacrificium
925 942 1101 1001 mediatoris
1120 942 1273 1026 offertur,
1295 963 1346 1010 ete.

273 1029 404 1111 Reliqua
425 1032 525 1111 posita
547 1038 618 1087 sunt
644 1027 732 1084 initio
751 1026 845 1106 hujus
870 1027 1064 1107 quaestionis.
1087 1025 1121 1085 B.
1151 1040 1179 1093 1.
1217 1045 1220 1049 ·

361 1150 408 1204 12.
451 1130 558 1194 IDEM
575 1132 606 1191 iu
626 1130 707 1191 libro
733 1131 770 1191 de
792 1150 864 1193 cura
889 1155 948 1215 pro
969 1134 1098 1193 mortuis
1113 1136 1265 1216 gerenda,
1287 1160 1347 1221 cap.

275 1231 319 1288 1.:
362 1221 438 1279 Nam
456 1216 651 1292 dicis,videri
673 1217 731 1275 tibi
751 1238 811 1277 non
829 1238 893 1277 esse
918 1218 1019 1277 inanes
1042 1228 1147 1278 motus
1177 1223 1349 1284 animorum

273 1306 489 1390 religiosorum
517 1315 609 1383 atque
634 1299 768 1360 fidelium
790 1322 847 1384 pro
877 1304 939 1360 suis
972 1304 1029 1362 ista
1055 1299 1245 1364 curantium.
1288 1308 1350 1366 lbi-

275 1390 359 1450 dem:
401 1388 448 1448 Ita
471 1379 522 1464 fit,
550 1398 585 1444 ut
604 1403 702 1466 neque
728 1385 858 1445 inaniter
880 1385 1016 1457 Ecclesia
1040 1386 1089 1445 vel
1117 1407 1254 1449 suorum
1278 1413 1348 1451 cura

296 1496 332 1534 ro
350 1473 514 1547 defunctis,
535 1470 618 1552 quod
638 1473 772 1552 potuerit
786 1470 941 1553 religionis
955 1471 1118 1553 impendat.
1131 1484 1190 1532 etc.
1237 1477 1348 1536 Totum

271 1496 358 1621 luno
380 1554 479 1617 locum
503 1555 596 1615 habes
621 1573 714 1637 supra
738 1555 795 1614 hac
821 1557 1007 1636 quaestione,
1032 1556 1071 1613 Ι).
1093 1566 1122 1624 9.

359 1677 407 1732 15.
450 1663 495 1722 IN
515 1663 621 1723 eodem
641 1661 876 1745 lihro,cap.1.=
908 1659 1053 1721 Provisus
1074 1659 1261 1744 sepeliendis
1277 1690 1347 1728 cor-

271 1748 400 1832 poribus
432 1747 513 1830 apud
535 1749 709 1806 memoriam
729 1759 903 1807 sauctorum
928 1744 1030 1821 locus,
1050 1745 1157 1807 bonae
1178 1749 1344 1812 affectionis

272 1833 421 1892 humanae
440 1843 485 1890 est
502 1851 572 1912 erga
588 1832 694 1891 lunera
716 1852 863 1892 suorum:
888 1831 1039 1911 quoniam,
1053 1835 1078 1888 si
1096 1834 1251 1894 nonnulla
1271 1835 1344 1895 reli-

273 1919 323 1997 gio
350 1927 403 1988 est,
427 1927 463 1973 ut
476 1913 679 1996 sepeliantur,
701 1935 765 1975 uon
788 1927 889 1996 potest
914 1914 998 1973 nulla
1021 1935 1096 1990 esse,
1121 1919 1257 2000 quando,
1288 1918 1340 1980 ubi

183 2034 186 2038 <
270 1997 466 2078 sepeliantur,
491 1997 666 2056 attenditur.
708 1996 771 2057 Sed
794 2020 862 2056 cum
886 1998 956 2057 talia
986 1999 1130 2059 vivorum
1156 1992 1258 2061 solatia
1286 2025 1338 2060 re-

269 2082 445 2162 quiruntur,
464 2079 702 2161 quibus'eorum
725 2082 793 2162 pius
815 2084 846 2138 in
865 2101 937 2138 suos
957 2083 1073 2142 animus
1104 2097 1247 2166 appareat,
1268 2107 1331 2144 non

268 2166 370 2240 video,
392 2186 469 2247 quae
484 2176 555 2225 sunt
565 2163 741 2243 adjumenta
758 2175 966 2225 mortuorum:
992 2166 1050 2225 nisi
1069 2169 1109 2229 ad
1121 2169 1185 2244 hoc,
1197 2180 1239 2242 ut,
1258 2169 1328 2229 dum

269 2248 421 2325 recolunt,
444 2247 500 2309 ubi
523 2251 583 2309 sint
596 2250 695 2331 posita
714 2271 830 2325 eorum,
850 2270 927 2330 quos
945 2251 1084 2333 'diligunt
1113 2273 1248 2336 corpora,
1272 2254 1331 2313 eis·

271 2335 339 2395 dem
364 2335 474 2395 sanctis
503 2334 571 2394 illos
595 2346 738 2414 tauquam
766 2334 905 2416 patronis
936 2347 1094 2416 susceptos
1129 2336 1209 2420 apud
1227 2338 1336 2397 Domi·-

97 2439 191 2483 saneus
209 2442 345 2481 ramnum
367 2419 560 2500 adjuvandos
577 2421 695 2491 orando
715 2418 953 2481 commendent..
980 2419 1076 2493 Quod
1096 2423 1222 2502 quideni
1241 2413 1339 2485 facere

96 2500 162 2550 ΨΜ
184 2498 261 2542 patro·
273 2517 413 2588 possent,
448 2509 538 2564 etiam
568 2505 593 2565 si
624 2502 736 2564 talibus
767 2502 843 2566 locis
872 2525 924 2562 eos
946 2499 1072 2563 humare
1111 2527 1177 2567 non
1207 2519 1339 2591 possent.

95 2591 255 2678 pp'mmendan-
271 2589 392 2648 Deinde
410 2588 571 2669 explicans,
585 2610 680 2669 quare
698 2586 836 2672 sepulcra
852 2601 1002 2647 vocentur
1016 2604 1225 2669 monumenta,
1241 2588 1341 2674 (quod

134 2665 157 2680 ”
273 2675 413 2731 nimirum
431 2685 561 2731 mentem
589 2687 746 2748 moueant)
777 2672 955 2755 subjungit:
1000 2673 1074 2730 Cum
1099 2674 1206 2757 itaque
1237 2677 1341 2737 recolit

274 2758 399 2829 animus,
420 2754 475 2812 ubi
496 2754 647 2836 sepultum
665 2758 703 2815 sit
728 2759 873 2816 carissimi
897 2777 1017 2838 corpus,
1038 2769 1068 2814 et
1094 2762 1234 2821 occurrit
1256 2759 1340 2822 locus

270 2841 392 2898 nomine
412 2841 551 2913 martyris
571 2839 762 2914 venerabilis,
783 2841 879 2899 eidem
902 2843 1026 2915 martyri
1047 2844 1180 2902 animam
1202 2843 1340 2906 dilectam

96 2922 465 3002 cnunonamzoommendat
486 2922 673 2982 recordantis
696 2916 726 2982 et
745 2924 893 3004 precantis
928 2923 1062 2985 affectus.
1108 2927 1174 3002 Qui
1196 2948 1267 2989 cum
1289 2926 1340 2991 de·

92 2994 261 3092 ppqpamrrar·
272 3009 384 3069 functis
407 3003 585 3067 afidelibus
612 3008 769 3067 carissimis
793 3007 979 3074 exhibetur,
1007 3031 1073 3085 euin
1104 3013 1258 3093 prodesse
1280 3036 1338 3075 non

272 3094 398 3154 dubium
422 3092 530 3164 estiis,
551 3093 614 3173 qui,
634 3113 702 3150 cum
724 3092 904 3173 incorpore
928 3090 1081 3175 viverent,
1098 3090 1173 3161 talia
1191 3098 1253 3158 sibi
1275 3110 1338 3183 post

269 3177 351 3238 hauc
366 3180 457 3235 vitam
482 3177 626 3258 prodesse
640 3187 826 3257 meruerunt.
868 3174 985 3236 Verum
1008 3180 1062 3236 etsi
1078 3178 1183 3260 aliqua
1207 3184 1338 3244 necessi-

269 3274 314 3322 tas
334 3261 381 3320 vel
401 3260 520 3320 humari
547 3276 697 3342 corpora,
730 3260 776 3318 vel
806 3261 837 3319 in
867 3261 982 3320 talibus
1009 3261 1084 3320 locis
1108 3262 1235 3328 humari
1262 3268 1336 3328 nulla

269 3346 340 3407 data
362 3345 505 3405 facultate
522 3348 697 3427 permittat,
716 3338 778 3419 nori
809 3356 882 3404 sunt
908 3348 1194 3427 praetermittendae
1221 3352 1337 3435 suppli-

91 3446 247 3512 eupprtcam
270 3433 401 3490 cationes
421 3450 479 3510 pro
502 3429 660 3511 spiritibus
683 3442 893 3499 mortuorum:
915 3450 990 3510 quas
1016 3427 1169 3490 faciendas
1188 3457 1252 3517 pro
1276 3459 1336 3497 om-

90 3496 359 3591 litffiuzwssg‘gnihus
379 3517 410 3573 iu
436 3511 605 3574 Christiana
634 3526 663 3572 et
687 3513 843 3590 Catholica
861 3517 1005 3573 societate
1035 3514 1215 3594 defunctis,
1253 3521 1335 3581 etiam

91 3599 192 3639 tuorum.
266 3600 366 3659 tacitis
393 3597 586 3673 nominibus,
618 3616 809 3679 quorumque
837 3594 895 3656 sub
920 3595 1050 3680 generali
1070 3606 1335 3666 commemoratioe

266 3685 402 3764 suscepit
430 3680 579 3742 Ecclesia:
609 3693 646 3741 ut
671 3683 783 3762 quibus
825 3682 864 3741 ad
893 3679 949 3742 ista
977 3681 1086 3741 desunt
1118 3702 1268 3765 parentes
1290 3699 1334 3749 aut

265 3765 331 3842 lilii,
354 3766 406 3826 aut
428 3770 604 3847 quicunque
627 3765 746 3848 cognati
767 3763 814 3824 vel
835 3769 931 3842 amici,
952 3765 990 3825 ab
1016 3787 1075 3827 una
1108 3771 1149 3827 eis
1174 3771 1335 3835 exhibean-

265 3864 318 3912 tur
340 3853 391 3933 pia
411 3863 505 3910 matre
528 3853 690 3910 communi.
709 3884 712 3891 ·
733 3846 766 3909 Si
789 3864 888 3911 eutem
910 3848 1047 3911 deessent
1078 3852 1154 3912 istae
1178 3859 1332 3941 supplica·

265 3937 385 4011 tiones,
407 3956 484 4016 quae
505 3931 584 3995 fiunt
604 3948 686 3995 recta
716 3927 778 3993 fide
798 3955 833 3994 ac
865 3937 978 4016 pietate
999 3955 1058 4018 pro
1081 3943 1226 4017 mortuis,
1251 3955 1332 4027 puto,

268 4018 353 4097 quod
375 4018 451 4078 nihil
472 4021 631 4102 prodesset
652 4014 811 4102 spiritibus
833 4039 960 4097 eorum,
996 4019 1165 4102 quamlibet
1200 4027 1234 4086 in
1265 4027 1335 4089 locis

267 4105 377 4162 sanctis
401 4106 533 4164 exanima
556 4124 688 4186 corpora
703 4114 900 4185 ponerentur.
1013 4174 1017 4181 Ι
1284 4106 1287 4111 ’

322 4258 326 4263 ,
352 4198 400 4254 11.
439 4187 491 4269 Et
505 4206 573 4272 cap.
598 4202 646 4256 18.
677 4187 815 4271 ejusdem
836 4184 926 4251 libris
970 4188 1057 4275 Quae
1084 4208 1155 4273 cum
1189 4194 1233 4255 ita
1267 4196 1336 4270 sint,
