2790 4792
198 342 284 453 ’θοι
445 352 526 419 nu
569 348 1029 418 sscuaunuuo

290 495 445 605 Colore.
467 538 539 601 111.=
582 536 692 600 Nolite
706 537 834 600 ¹mentiri
859 535 1005 615 invium,-
1018 532 1216 618 expoliantes
1233 556 1281 599 vos

213 662 341 713 veterem
362 648 516 708 hominem
530 665 600 704 cum
622 646 741 707 actibus
761 647 834 722 onis,
854 658 886 706 et
898 643 1058 743 mouente·
1069 662 1191 712 novum
1207 662 1279 720 eun,

211 761 266 842 qui
294 763 459 819 renovatur
485 753 517 812 in
530 753 723 836 agnitionem
754 752 921 814 seeundum
944 750 1108 834 imaginem
1124 749 1207 830 ejus,
1231 750 1277 831 qui

210 864 326 926 aeaut
346 860 442 935 illum,
463 871 521 920 em.
684 920 686 925 ,
1120 876 1128 883 ’

240 998 244 1005 ·
293 968 328 1030 C.
347 967 388 1030 IL
407 968 497 1051 Reg.
526 965 616 1026 m:
658 964 701 1026 Et
731 963 806 1043 dixit
832 963 933 1027 David
956 960 996 1024 ad
1018 953 1281 1025 Nemausl’ee-

209 1076 276 1139 oavi
296 1074 455 1135 Domino·
481 1074 625 1156 Dixitque
646 1069 767 1133 Nathan
800 1071 839 1133 ad
859 1070 983 1135 David:
1019 1069 1181 1132 Dominus
1203 1091 1283 1154 quo-

211 1203 273 1266 que
292 1180 627 1264 transtulit'peeeatum
653 1191 760 1241 tuumz
788 1199 851 1239 nou
871 1180 1020 1240 morieris.
1063 1177 1279 1241 Verumtamen

211 1291 284 1372 qnia
306 1285 517 1372 blasphemare
543 1288 642 1349 fecisti
658 1286 796 1346 inimioos
811 1287 936 1346 Domini
952 1328 961 1360 ‚
993 1295 1142 1368 propter
1158 1285 1280 1346 verbum

210 1394 276 1458 hoe
296 1390 387 1471 filius,
409 1392 463 1477 qui
484 1407 573 1456 natus
595 1403 640 1454 est
658 1391 727 1470 tibi,
748 1405 846 1455 morte
871 1395 1029 1453 morietur.
1074 1392 1122 1454 Et
1149 1415 1279 1457 reversus

212 1514 259 1564 est
279 1499 400 1562 Nathan
429 1503 460 1561 in
483 1501 608 1563 domum
638 1519 733 1560 suom.
781 1499 937 1561 Percussit
970 1518 1102 1581 quoque
1139 1501 1278 1561 Dominus

212 1591 383 1694 parvulum,
404 1629 496 1690 quem
514 1618 678 1693 pepererat
697 1625 774 1667 uxor
793 1607 884 1668 Uriae
906 1604 1083 1682 David,'et
1105 1600 1277 1692 desperatus

214 1725 268 1775 est
319 1715 572 1797 Deprecatusque
607 1724 654 1774 est
677 1711 777 1774 David
804 1714 969 1773 Dominum
999 1732 1060 1796 pro
1081 1714 1278 1797 persalutet

214 1821 361 1882 ieiunavit
381 1817 481 1879 David
499 1819 613 1882 ieiunio
620 1835 645 1895 ,¹
666 1829 697 1879 et
727 1821 877 1903 ingressus
902 1838 1041 1881 seorsum
1062 1822 1166 1901 jacuit
1196 1841 1278 1906 super

213 1937 338 1989 terrum.
391 1921 549 1985 Venerunt
582 1937 681 1985 autem
717 1928 850 2004 seniores
876 1926 985 1988 domus
1013 1929 1104 2008 ejus,
1142 1940 1271 2012 cogentes

214 2051 293 2107 eum,
313 2040 350 2090 ut
369 2040 508 2112 surgeret
527 2029 567 2090 de
586 2040 686 2094 terre:
709 2036 764 2115 qui
783 2035 893 2112 noluit,
909 2055 967 2096 nee
990 2036 1127 2096 eomedit
1143 2054 1206 2095 enm
1226 2034 1263 2093 eis

214 2135 329 2202 cibum.
774 2217 777 2223 Ι

297 2243 323 2306 Ι.
343 2226 517 2328 Paralip.
538 2241 641 2304 m:
684 2243 860 2326 Levausque
882 2244 983 2305 David
997 2246 1110 2309 oeulos
1132 2265 1210 2326 suos,
1226 2247 1270 2307 ri-

214 2351 263 2414 dit
283 2348 426 2436 angelum
445 2352 571 2413 Domini
592 2362 719 2413 stantem
739 2352 820 2413 inter
836 2350 952 2412 eaelum
973 2364 1004 2413 et
1026 2358 1154 2434 terram,
1175 2364 1293 2416 etevat

213 2461 352 2544 ginatum
371 2456 506 2544 gladium
525 2458 558 2521 in
579 2477 670 2522 manu
689 2461 775 2542 ejus,
805 2471 837 2521 et
868 2479 985 2521 versum
1009 2475 1124 2524 eontra
1143 2464 1276 2525 Hierusa-

104 2594 107 2598 ’
214 2565 288 2627 lem=
311 2578 342 2628 et
362 2562 540 2626 oeciderunt
559 2577 622 2627 tam
642 2568 708 2651 ipse
730 2587 821 2649 qnam
841 2568 974 2651 majores
993 2582 1072 2630 natu
1093 2572 1197 2633 vestiti
1215 2569 1275 2632 elli·

214 2673 270 2733 elis
290 2671 384 2763 proni
405 2672 436 2731 in
458 2681 579 2749 terram,
602 2681 660 2734 ete.

297 2795 451 2860 Psalm.
472 2796 629 2864 mave
672 2787 739 2884 Ego
763 2814 862 2863 autem
883 2824 953 2865 oum
981 2801 1057 2864 mihi
1080 2804 1205 2884 molesti
1234 2827 1277 2868 es·

215 2915 292 2983 sent,
313 2903 465 2965 induebar
487 2906 597 2968 cilicio.
639 2907 841 2969 Humiliabam
863 2912 895 2970 ln
928 2912 1041 2974 ieiunio
1065 2916 1200 2976 animam
1221 2934 1277 2976 me·

214 3030 279 3073 um:
301 3023 331 3072 et
348 3013 447 3073 mutio
468 3034 533 3076 mea
561 3011 595 3074 iu
616 3016 685 3076 sinu
704 3034 772 3076 meo
797 3032 1001 3080 convertetur.
1045 3021 1149 3096 Quasi
1175 3021 1275 3107 proxi·

214 3138 297 3179 mum
316 3129 347 3180 et
374 3121 462 3200 quasi
492 3121 616 3184 fratrem
649 3132 810 3201 nostrum,
839 3125 883 3187 sio
914 3123 1164 3211 complacebam:
1198 3126 1277 3212 quasi
1293 3158 1301 3182 .-

213 3223 319 3311 lugeus
345 3238 376 3287 et
401 3229 597 3291 centustatus
624 3231 669 3289 sie
685 3227 880 3295 humiliabar.
1180 3228 1184 3233 ’

294 3356 420 3419 Psulm
440 3357 601 3421 LXVlIl.:
642 3360 684 3424 Et
706 3366 814 3446 operui
829 3365 861 3425 iu
873 3366 986 3426 ieiunio
1013 3365 1145 3427 unimam
1168 3385 1276 3429 meam:

212 3471 244 3521 et
265 3459 377 3522 factum
399 3476 445 3526 est
464 3467 496 3525 in
533 3467 737 3550 opprobrium
765 3462 850 3530 mihi.¹
891 3473 932 3534 Et
954 3473 1046 3555 posui
1067 3475 1278 3535 vestimentum

210 3585 310 3628 meum
331 3568 484 3631 cilicium:
506 3584 536 3634 et
556 3575 652 3636 sactus
672 3595 739 3636 sum
761 3575 822 3638 illis
845 3580 875 3637 in
897 3577 1082 3660 parabolam.

291 3698 378 3760 Jon.
402 3701 478 3762 III.:
521 3703 564 3764 Et
580 3700 777 3768 crediderunt
799 3708 856 3768 viri
878 3708 1027 3769 Ninivitae
1048 3707 1080 3767 in
1102 3706 1222 3767 Deum:
1253 3715 1279 3766 et

213 3803 465 3885 praedicaverunt
497 3810 664 3888 ieiunium,
702 3824 732 3872 et
765 3817 866 3877 vestiti
898 3825 970 3875 sunt
994 3811 1089 3875 saccis
1113 3834 1131 3874 a
1160 3812 1278 3895 majore

208 3928 306 3991 usque
327 3910 366 3972 ad
389 3916 545 3978 minonem.
588 3916 629 3977 Et
646 3923 787 4001 pertenit
802 3920 928 3983 verbum
947 3920 987 3982 ad
1009 3934 1112 4007 regem
1133 3921 1278 3982 Ninivaes

208 4026 239 4075 et
259 4022 389 4079 surrexit
410 4021 448 4083 de
469 4023 548 4084 solio
572 4044 650 4102 suo,
673 4038 704 4087 et
721 4027 832 4088 abiecit
852 4029 1061 4090 vestimentum
1082 4047 1176 4088 sunm
1198 4044 1277 4101 ase,

205 4133 236 4183 et
265 4123 390 4188 indutus
424 4139 468 4188 est
489 4144 599 4206 saeco,
632 4145 662 4193 et
682 4136 763 4197 sedit
782 4137 813 4195 in
836 4137 947 4196 cinere.
969 4135 1032 4196 ''Et
1058 4132 1221 4208 clamavit,
1244 4142 1275 4192 et

203 4225 278 4292 dixit
298 4229 329 4291 in
349 4231 459 4296 Ninive
480 4254 515 4296 ex
541 4256 597 4299 ore
617 4241 695 4324 regis
717 4254 747 4304 et
768 4243 944 4327 principum
965 4244 1043 4326 ejus,
1064 4240 1190 4323 dieens;
1212 4240 1278 4304 Ho-
