2790 4792
303 302 884 409 :uucaaarsatnu
1072 356 1150 423 raa

56 548 178 607 ‚nonne
200 549 304 592 omnes
319 527 490 591 sabbatum
507 527 715 605 celebrabant,
736 540 773 589 'et
790 530 924 592 victimas
948 531 1145 594 offerebant?

73 614 318 675 Manifestissime
338 616 433 699 igitur
448 615 487 674 de
511 614 635 685 Christo
647 613 711 674 hoc
730 613 845 674 dictum
864 629 928 676 est:
950 616 1036 679 solus
1060 621 1141 697 enim
1154 636 1240 680 mnes.
1259 645 1293 686 u.

73 696 129 757 ille
155 720 233 781 pane
257 711 287 761 et
308 700 379 777 aino
406 695 590 759 sacrificium
622 700 819 774 consecravit,
846 700 973 780 perinde
1000 722 1035 763 ac
1061 702 1139 764 Mel-

70 779 246 848 chisedech.
289 784 349 861 Qui
368 805 440 843 vero
463 782 559 842 dixit:
601 783 637 842 ln
661 781 836 843 aeternum?
863 785 1018 859 Quoniam
1034 788 1142 847 etiam-

68 883 146 924 num
165 889 225 927 una
239 889 306 927 cum
324 888 464 951 corpore,
486 866 571 948 qnod
588 866 757 949 pro-nohis
772 866 947 944 immolavit,
969 869 1051 953 apud
1074 870 1141 932 De-
1173 889 1218 948 rer
1235 889 1313 933 aasz..

67 967 122 1007 um
147 963 178 1010 et
205 964 320 1034 patrem
342 948 505 1011 intercedit
533 961 591 1009 etc.
643 949 701 1010 Vel
720 952 802 1032 quia,
831 968 909 1031 quae
936 953 968 1011 in
1002 954 1138 1037 singulos
1149 941 1313 1030 ζζζῗξᾶζξξ·

68 1032 134 1103 dies
150 1031 187 1099 lit
207 1047 237 1095 et
261 1037 366 1098 futura
392 1046 438 1095 εει
460 1035 694 1115 inperpetuum
717 1034 834 1094 oblatio
864 1044 922 1117 per
945 1037 1004 1095 Dei
1035 1033 1263 1098 minis-Clffilm·

66 1126 146 1195 tros,
165 1119 265 1200 ipsum
292 1120 389 1181 habet
422 1115 603 1183 Pontificem
626 1130 656 1178 et
675 1119 863 1181 sacerdotem
890 1120 1069 1196 Dominum,
1091 1133 1149 1199 ates

55 1203 231 1299 ‚queadeo
266 1206 365 1286 ipsam
385 1201 533 1277 hostiam,
555 1203 607 1282 qui
631 1223 663 1262 se
694 1205 794 1285 ips'um
813 1223 874 1285 pro
899 1201 992 1262 nobis
1024 1207 1139 1265 sancti·

64 1285 146 1362 ficat,
170 1299 201 1346 et
228 1287 383 1368 frangitur
407 1296 437 1343 et
458 1283 664 1371 distribuiturt
689 1287 838 1363 Quoties
852 1288 931 1347 enim
954 1285 1311 1365 haecfiununconmu.

61 1388 146 1430 mors
163 1372 290 1431 Domini
304 1371 516 1429 annunciatur.
628 1419 630 1424 .

149 1465 178 1520 4.
220 1454 329 1512 IDEM
346 1455 377 1511 in
400 1452 537 1533 ejusdem
566 1452 684 1536 epistol.
709 1453 779 1514 VII.
808 1451 861 1512 illa
887 1452 1002 1513 rerba:
1033 1453 1138 1517 Manet
1168 1509 1169 1513 ,
1237 1472 1242 1485 ’

60 1536 207 1611 sacerdos
239 1538 270 1592 in
299 1547 498 1618 perpetuum:
550 1537 688 1597 Dicimus
704 1537 871 1612 Christum,
901 1557 971 1596 cum
995 1548 1134 1598 aeternus
1161 1556 1165 1569 ·

60 1623 155 1693 Ιεἰιει
175 1619 362 1695 immortalis,
384 1639 488 1688 revera
512 1641 631 1704 semper
645 1672 649 1691 ,
663 1642 727 1682 esse
763 1619 961 1681 sacerdotem.
1002 1622 1079 1682 Nam
1103 1635 1135 1703 et

51 1722 145 1771 ,nuuc
164 1702 425 1787 quidem=semper
442 1725 474 1764 se
488 1707 587 1789 ipsum
599 1726 666 1791 ⁴pro
687 1704 779 1765 uobis
799 1703 909 1785 offerre
924 1705 1061 1766 ereditur
1076 1727 1133 1791 per

60 1786 219 1847 ministros
242 1807 324 1851 suos.
718 1810 719 1815 ¹
790 1824 797 1834 ·
1056 1815 1059 1821 ¹

147 1882 176 1935 5.
217 1870 321 1931 ITEM
340 1873 372 1931 iu
390 1871 484 1934 Hebr.
502 1872 556 1932 Xe
598 1871 766 1933 Suboritur
776 1871 829 1934 hic
849 1874 1004 1952 quaestioe
1046 1872 1127 1935 Num
1161 1885 1303 1938 mousom.

58 1963 94 2014 et
115 1973 171 2013 nos
194 1951 309 2017 hostias
323 1955 494 2016 incruentas
512 1955 699 2016 offeramus?
742 1957 797 2017 Gui
818 1957 1045 2037 respondemus,
1058 1939 1299 2025 om-Iiiarid⁸¹ddt.

56 2037 148 2095 niun:
172 2049 324 2096 caeterum
348 2042 524 2100 memoriam
550 2039 677 2100 facimus
707 2042 813 2100 mortis
842 2041 984 2118 Domini,
1017 2053 1123 2124 estque
1134 2031 1330 2132 fflffl’ffi

55 2140 117 2179 una
140 2121 225 2203 ipsa,
240 2150 244 2157 ¹
260 2143 323 2183 nou
354 2125 484 2200 multae,
516 2125 769 2206 quandoquidem
795 2124 900 2184 semel'
919 2124 1043 2184 oblatus
1068 2139 1122 2187 est.
1134 2131 1180 2171 ¹³⁶¹
1196 2130 1302 2219 ἰξιθῐῑῑξ·

54 2203 132 2268 Nam
156 2204 283 2266 eundem
301 2227 419 2291 semper
437 2207 604 2286 offerimus,
625 2213 718 2269 immo
735 2209 838 2291 potius
854 2211 1028 2269 memoriam
1045 2209 1125 2269 illius
1134 2190 1202 2234 Μ
1243 2189 1287 2252 ’.ἶ

56 2287 221 2350 oblationis
244 2290 380 2368 facimus,
404 2313 464 2373 qua
486 2295 596 2373 seipse
619 2290 741 2364 obtulit,
770 2311 826 2348 ceu
857 2290 919 2368 jam
943 2311 1025 2349 nunc
1047 2291 1126 2351 facta

57 2375 106 2432 sit.
148 2373 283 2434 Proinde
304 2396 398 2435 unum
421 2389 466 2436 est
499 2373 708 2435 sacrificium..
734 2374 811 2432 Nam
832 2373 916 2452 quod
940 2374 980 2432 ad
1014 2393 1124 2452 quaes-

53 2459 168 2516 tionem
183 2460 298 2532 attinet,
321 2474 484 2544 postquam
504 2457 610 2517 multis
626 2460 659 2516 iu
675 2457 753 2516 locis
778 2453 916 2531 offertur,
934 2477 1006 2517 num
1028 2458 1124 2540 Igitur
1175 2520 1182 2528 ,

54 2539 142 2600 multi
163 2538 323 2604 CHRlSTI
345 2543 455 2603 erunt?
475 2561 679 2622 nequaquam,
705 2538 852 2599 sedunus
879 2552 923 2600 est
946 2540 1072 2622 ubique,
1091 2547 1293 2601 cinnameus·-

54 2623 106 2685 hic
137 2624 256 2707 plenus,
283 2639 314 2686 et
339 2628 403 2686 illic
428 2624 538 2708 plenus
557 2637 590 2684 et
608 2625 783 2707 perfectus,
814 2645 971 2704 unumque
996 2596 1247 2707 corpus.⁰'¹⁶⁶⁵”¹²¹'

54 2709 320 2786 Quemadmodum
357 2713 436 2769 enim
472 2711 502 2766 in
531 2708 634 2770 multis
664 2709 739 2769 locis
773 2707 894 2770 oblatus
926 2709 1124 2783 CHRISTUS

52 2815 147 2854 unum
163 2813 275 2875 corpus
304 2807 357 2867 est,
376 2805 405 2852 ει
424 2794 487 2859 non
508 2793 601 2854 multa
621 2814 768 2889 corpora,
788 2795 834 2855 sle
856 2805 885 2854 et
908 2814 1001 2854 unum
1024 2797 1292 2877 sacri-1„„,.11.,.

52 2876 169 2939 ficium.
211 2875 287 2934 Nam
308 2875 389 2935 illam
411 2876 543 2938 hostiam
567 2877 730 2955 offerimus,
752 2892 912 2959 quactum
934 2891 978 2939 est
1001 2878 1116 2940 oblata:
1129 2882 1279 2966 ‘mm'

51 2963 117 3023 illic
136 2970 236 3018 autem
250 2958 327 3019 alius
341 2975 416 3037 erat,
435 2963 489 3042 qui
512 2962 581 3023 heri
595 2963 714 3025 oblatus
728 2975 801 3039 erat,
823 2983 917 3046 agnus
934 2962 1079 3037 fortasse,
1101 2938 1160 3024 an
1266 2949 1272 2962 ⁵

52 3045 188 3118 victima,
221 3063 299 3128 quae
326 3043 419 3104 hodie
439 3044 576 3123 offertur,
605 3069 662 3107 nec
687 3047 779 3106 veluti
801 3048 1036 3107 conmemoratio
1055 3057 1120 3104 er'at

52 3129 215 3192 hesternae
240 3124 413 3204 oblationis,
434 3131 486 3210 qui
509 3130 605 3191 hodie
631 3130 819 3192 offerebatur
835 3149 953 3212 agnus,
973 3128 1026 3188 sed
1044 3127 1119 3212 'ipse

51 3233 109 3299 per
127 3232 158 3271 se
178 3212 276 3294 ipsum
295 3210 479 3272 sacrIficium
495 3213 684 3297 perficiebat.
1015 3262 1017 3267 s

136 3309 166 3364 6.
209 3294 475 3356 OECUMENIUS
501 3301 531 3357 in
549 3298 645 3360 Hebr.
671 3296 710 3359 V.
739 3310 774 3359 ut
793 3317 897 3380 supra,
922 3294 960 3355 N.
981 3307 1033 3364 10.

135 3392 167 3447 7.
207 3379 386 3442 PHOTIUS
414 3377 497 3463 apud
529 3383 745 3444 oecumenium
773 3383 804 3440 in
841 3381 970 3441 eundem
998 3379 1116 3439 loeums

29 3540 32 3545 ι
52 3465 135 3541 Quia
154 3465 242 3524 etiam
261 3464 456 3526 CHRISTUS
471 3467 537 3526 sine
555 3469 699 3551 sanguine
713 3468 842 3527 hostiam
864 3464 992 3540 obtulit,
1005 3461 1286 3523 deindecmamton

49 3548 247 3632 postmodum
267 3570 356 3609 suum
380 3551 389 3608 i
412 3553 474 3610 sius
498 3553 586 3611 etiam
605 3569 734 3633 corpus:
768 3562 932 3636 propterea
954 3559 1023 3630 apte
1046 3526 1289 3636 dic-iss'lss‘hfflifss

47 3643 115 3692 tum
144 3644 205 3709 est,
230 3634 348 3694 CHRIS
405 3636 438 3694 M
457 3629 533 3696 'esse
563 3634 751 3696 sacerdotem
776 3634 943 3695 seeundum
975 3630 1114 3692 ordinem
1124 3624 1278 3667 ⁰¹¹¹⁸⁹l·⁶¹²·¹

47 3716 285 3778 Melchisedech.
644 3712 646 3718 ’
913 3765 915 3768 ,
1017 3728 1019 3733 ·
1191 3737 1194 3746 ·

134 3813 164 3869 8·
205 3803 313 3865 IDEM
338 3802 539 3867 Oecumenius
553 3806 584 3864 in
602 3802 698 3865 Hebr.
718 3802 790 3864 VII.
809 3801 860 3862 illa
882 3798 991 3862 verba:
1011 3798 1115 3860 Manet

48 3884 193 3945 sacerdos
217 3888 248 3944 in
276 3901 479 3970 perpetuum:
521 3888 577 3950 Eo.
595 3887 688 3949 modo
718 3888 951 3971 perpetuitatem
972 3885 1112 3965 accipito,

47 3988 113 4051 qaro
136 3980 313 4032 etcaeteraa
357 3972 421 4032 Aut
444 3972 638 4055 quodetiam
659 3973 767 4032 modus
798 3966 1117 4030 sacerdotIi'Melchi·

47 4052 160 4114 sedech
185 4057 277 4131 (nosti
298 4057 502 4140 autem,'qn1d
523 4056 638 4136 dicam)
658 4056 690 4113 in
710 4066 894 4140 perpetuum
907 4060 1036 4113 maneat.
1068 4070 1073 4077 ·

131 4149 160 4204 9.
203 4139 308 4198 ΙΤΕΜ
328 4142 358 4200 in
376 4141 512 4222 ejusdem
532 4144 621 4226 epist.
644 4160 709 4226 cap.
736 4139 794 4202 X.=
837 4138 900 4216 Qui
928 4136 1044 4210 multas,
1067 4136 1117 4193 in·
1163 4192 1166 4198 ,
1259 4150 1261 4156 ·

41 4219 109 4302 quit
126 4219 371 4317 Apostolpsset
395 4225 670 4310 easdem-singulis
701 4226 785 4296 annis
815 4221 948 4287 offerunt
979 4218 1109 4290 hostias,
