2790 4792
292 290 866 419 „itsruruonrt”
1038 314 1124 396 sse

53 506 148 570 tionis
166 522 266 566 uxore
296 493 416 562 dimissa
437 493 566 559 alteram
587 492 725 557 d‘uxerits
745 451 958 586 rudigerus
979 499 1120 564 adulterii
1132 516 1214 560 naeu
1226 524 1298 565 sm.

1163 569 1208 608 iam
1224 579 1286 609 mos.
1353 588 1355 593 ·

52 581 301 655 commemoravit
317 581 492 646 Matthaeus:
512 594 698 642 tameu‘nou
718 579 818 642 solum
845 585 909 668 ipse
929 587 1120 664 moechatur,
1131 568 1220 662 {fiam
1234 617 1273 670 qur

52 674 110 738 sed
131 676 222 734 sicuti
237 685 283 734 est
309 667 393 752 apud
412 668 571 727 Marcum:
593 718 596 723 ,
615 664 803 746 Quicunque
818 667 972 732 -dimiserit
994 686 1118 732 uxorem
1131 664 1300 756 ffiffigffmolss

54 780 154 836 suam,
174 771 205 819 ct
223 756 310 819 uliam
331 753 460 827 duxerit,
481 748 668 810 adulterium
688 751 853 813 committit
872 774 963 837 super
984 775 1063 815 eam:
1091 766 1121 816 et
1132 765 1212 806 trehit.
1228 729 1255 763 ὀ

55 845 85 905 si
105 863 181 905 uxor
210 839 355 903 dimiserit
372 839 471 896 mum
491 853 599 911 suum,
621 834 724 895 etalii
749 838 905 917 nupserit,
927 813 1300 911 moechaturrddd.⁰id,⁰id.²

56 937 90 988 et
109 928 196 988 sicuti
218 938 263 986 est
292 921 378 1006 apud
412 921 543 979 Lucamr
598 917 723 997 Omnis,
755 921 810 1002 qui
840 920 966 981 dimittit
997 912 1304 1015 uxoremffodffigifjffo„

55 1028 151 1087 suam,
169 1022 201 1072 et
218 1010 305 1070 ducit
327 1006 472 1076 alteram,
501 1001 746 1064 moechatum-et
772 1005 827 1086 qni
847 1003 996 1064 dimissam
1024 1026 1041 1066 a
1058 1009 1123 1065 viro
1135 1010 1247 1070 turturi.
1258 1009 1300 1054 ut

57 1094 186 1172 duxerit,
199 1090 397 1154 ‘moechatum
437 1088 485 1148 De
507 1085 620 1170 quibus
640 1089 824 1172 testimoniis
842 1091 905 1172 jam
925 1090 997 1150 s'atis
1018 1089 1049 1150 in
1071 1089 1127 1150 lib.
1136 1059 1204 1103 Μ’

54 1180 213 1267 superiore
244 1172 381 1236 disserui.
478 1206 485 1217 ·
1050 1186 1055 1207 ··
1090 1248 1092 1253 Ι
1160 1172 1163 1177 ’
1209 1184 1230 1241 ’,

10 1308 13 1315 .
141 1277 170 1332 0.
212 1257 321 1322 IDEM
341 1257 374 1314 iu
391 1252 445 1314 lib.
465 1268 508 1322 5⁰
520 1251 727 1333 homiliarum,
747 1252 830 1318 bom.
850 1269 916 1326 492·
951 1257 1022 1319 Non
1038 1256 1129 1318 robis

23 1362 26 1369 '
54 1344 128 1409 licet
145 1345 261 1408 habere
287 1358 403 1416 uxores,
418 1341 549 1420 quarum
572 1341 694 1422 priores
709 1343 809 1401 mariti
827 1342 942 1402 vivunt.
985 1342 1048 1402 Nec
1070 1363 1130 1402 vo·

54 1428 117 1509 bis,
137 1429 297 1501 foeminae,
318 1421 432 1484 babere
446 1426 528 1486 riros
550 1424 632 1504 licet,
653 1445 788 1506 quorum
807 1428 931 1509 ¹priores
952 1445 1062 1486 uxores
1076 1427 1130 1486 ui·

54 1526 144 1576 vunt.
185 1509 369 1573 Adulterinu
382 1519 454 1567 sunt
473 1511 530 1569 ista
549 1510 705 1592 conjugia,
717 1531 780 1570 non
802 1512 875 1593 jure
893 1510 964 1587 fori,
983 1510 1038 1569 sed
1056 1510 1128 1591 jure

57 1597 146 1660 caeli.
195 1595 260 1656 Nec
287 1612 351 1652 eam
377 1592 550 1669 foeminam,
572 1612 652 1674 quae
671 1614 729 1677 per
758 1594 922 1679 repudium
954 1593 1130 1655 discessita

56 1683 180 1755 marito,
202 1677 274 1737 licet
292 1676 380 1755 vobis
401 1677 530 1754 ducere,
553 1679 624 1737 rivo
649 1679 771 1741 marite.
825 1678 928 1738 Solius
948 1679 1297 1770 fornicatio-eurena-

57 1766 108 1832 nis
129 1783 220 1823 causa
245 1759 315 1821 licet
334 1781 460 1822 uxorem
480 1761 649 1839 adulteram
671 1762 839 1840 dimittere,
867 1763 921 1823 sed
939 1762 991 1825 illa
1011 1765 1130 1843 virente
1143 1737 1309 1826 siisiiiniidi'

58 1868 126 1912 non
148 1846 219 1906 licet
239 1844 505 1906 alteramducere.
546 1845 589 1906 Et
607 1845 708 1923 vobis,
728 1838 896 1924 lceminae,
919 1868 975 1907 nec
996 1848 1067 1908 illos
1083 1849 1131 1907 si·
1142 1843 1225 1926 nim.
1239 1884 1308 1932 m,

59 1951 127 2008 rus,
147 1951 166 1992 a
186 1929 300 2012 quibus
320 1950 376 2014 per
398 1928 563 2012 repudium
583 1929 787 1991 discesserunt
797 1950 906 1992 uxores
929 1952 1045 2006 eorum,
1065 1952 1133 1992 ma*

59 2017 140 2078 ritus
161 2013 275 2075 habere
307 2014 496 2074 conceditur.
539 2014 609 2074 Non
639 2014 733 2076 licets
765 2015 915 2077 adulteria
945 2029 1033 2093 sunt,
1048 2030 1051 2035 ’
1069 2016 1135 2076 n'on
1154 2024 1179 2081 ’.

59 2100 220 2181 conjugia:
263 2097 476 2158 Contemnitur
489 2096 711 2180 Augustinus?
743 2100 887 2160 timeatur
917 2097 964 2159 rel
985 2100 1134 2162 Christus.

147 2195 175 2250 7.
216 2180 445 2241 CONCILIUM.
463 2180 670 2242 Milevitanum
691 2183 814 2242 Cenone
845 2197 906 2250 172
949 2184 1085 2259 Placuit,
1098 2192 1136 2242 ut

59 2265 229 2331 secundum
240 2265 451 2349 Evangelicam
473 2277 504 2324 et
515 2266 725 2347 Apostolicam
742 2265 940 2346 disciplinam,
961 2287 1063 2347 neque
1084 2267 1136 2323 di-

62 2353 170 2415 missus
192 2350 230 2410 ab
255 2369 361 2424 uxore,
383 2368 485 2429 neque
506 2348 628 2407 dimissa
652 2348 920 2422 amarit0,·alteri
941 2344 1311 2435 conjungen-§Jg‘fflffli⁸⁸¹·

61 2447 125 2512 tur,
145 2433 199 2496 sed
219 2435 261 2494 ita
282 2443 443 2506 maneant,
473 2442 527 2488 aut
556 2428 679 2489 sibimet
698 2429 943 2490 reconcilientur.
986 2431 1083 2509 Quod
1108 2433 1134 2491 si
1145 2411 1313 2500 elterlbndiiidr-

18 2512 23 2525 '
61 2520 324 2602 contempserint,
353 2513 392 2573 ad
413 2514 631 2595 poenitentiam
666 2511 854 2594 redigentur.
901 2512 940 2576 In
963 2534 1024 2598 qua
1045 2500 1261 2578 ciusu⁸¹¹³⁰l⁰⁸l

61 2603 159 2688 legem
178 2606 223 2662 Im
247 2598 369 2660 errulem
391 2592 554 2677 petendum
573 2595 776 2679 promulgari,

152 2699 180 2753 4.
222 2623 257 2744 B.
299 2677 557 2739 AUGUSTINUS
579 2681 611 2739 in
630 2680 683 2740 lib.
710 2676 858 2743 debono
887 2675 1044 2766 conjugali
1068 2696 1311 2762 capreorpssqsr.

64 2785 99 2843 7.
138 2771 244 2849 Usque
268 2763 347 2824 adeo
372 2761 483 2823 foedus
509 2761 589 2824 illud
609 2766 717 2825 initum
737 2764 875 2849 nuptiale
895 2767 1057 2847 cujusdam
1078 2753 1303 2847 Su-ffijfflijj

65 2854 216 2917 crementi
228 2868 277 2910 res
296 2858 351 2924 est,
371 2858 408 2906 ut
424 2866 481 2908 nec
494 2848 560 2932 ipsa
575 2838 771 2931 separatione¹
778 2853 901 2913 irritum
917 2849 989 2912 fiat:
1011 2850 1135 2932 quando
1146 2854 1315 2899 tentaturum.

67 2937 194 3021 quidem
214 2935 333 2993 vivente
353 2933 429 3010 viro,
451 2952 550 3014 aquo
576 2933 681 2994 relicta
703 2946 756 3013 est,
779 2936 980 3013 moechatur,
1003 2937 1028 2995 si
1050 2935 1138 2994 alteri

66 3020 229 3102 nupseritt
252 3027 282 3077 et
295 3015 346 3077 ille
363 3015 458 3099 hujus
472 3016 543 3079 mali
557 3039 649 3079 causa
667 3031 721 3097 est,
739 3021 794 3103 qui
813 3019 949 3101 reliquit.
991 3019 1033 3079 Et
1042 3016 1167 3101 paulu·
1255 3047 1271 3073 ·.

66 3113 141 3190 post
150 3126 165 3162 s·
178 3104 310 3164 Tantum
323 3100 403 3162 valet
418 3101 497 3162 illud
516 3102 627 3164 sociale
646 3105 803 3164 vinculum
813 3108 989 3188 conjugum,
1011 3115 1056 3178 ut,
1070 3122 1139 3161 cum

69 3208 162 3250 cansa
179 3186 364 3270 procreandi
379 3186 551 3269 colligetur,
571 3206 628 3248 nec
648 3190 714 3272 ipse
735 3210 823 3249 causa
841 3187 1024 3272 procreandi
1036 3185 1137 3247 solra·
1186 3198 1189 3205 '

66 3285 134 3336 tur.
174 3271 282 3333 Posset
297 3274 376 3331 enim
389 3268 483 3332 homo
493 3271 645 3334 dimittere
665 3272 798 3333 sterilem
812 3294 945 3350 uxorem,
969 3285 999 3332 et
1012 3271 1135 3345 d'ucere,
1147 3326 1215 3355 offla
1224 3315 1274 3354 ,ivo
1283 3315 1316 3354 a,

68 3357 111 3420 de
133 3378 195 3437 qua
210 3354 290 3415 filios
310 3353 438 3417 habeatr
473 3367 621 3427 ettamen
641 3377 704 3419 non
726 3357 799 3418 licet
824 3370 856 3418 et
877 3348 991 3418 nostris
1012 3355 1136 3438 quidem
1145 3371 1196 3404 tero
1204 3364 1259 3404 licet
1268 3378 1321 3408 eon-

67 3444 134 3528 jam
153 3438 356 3524 temporibus,
373 3460 409 3501 ac
432 3459 519 3501 more
536 3442 674 3503 Romano
697 3461 754 3502 nee
777 3442 993 3525 superducere,
1014 3454 1051 3517 ut
1072 3417 1248 3499 erm-mmm·

67 3526 153 3615 plius
170 3524 292 3601 habeat,
311 3546 403 3606 quam
427 3544 517 3587 uuum
534 3529 649 3587 viramr
670 3537 701 3588 et
730 3527 838 3610 utique
863 3527 968 3587 relicta
991 3524 1143 3601 adultera,-

68 3611 121 3673 vel
143 3610 250 3671 relicto
271 3607 411 3670 adultero
431 3622 557 3693 possent
572 3611 675 3694 plures
696 3615 779 3671 nasci
800 3611 950 3687 homines,
973 3612 997 3670 si
1020 3608 1068 3668 rel
1090 3606 1141 3667 illa

70 3694 168 3759 elteri
188 3691 334 3770 nuberet,
364 3693 412 3753 vel
437 3694 490 3756 ille
521 3694 647 3757 alterum
672 3696 808 3756 duceret.
859 3695 956 3772 Quod
985 3706 1086 3754 temen
1116 3692 1141 3750 si

25 3820 29 3825 -
70 3801 138 3845 non
156 3778 236 3856 licet,
254 3778 334 3838 sicut
346 3778 447 3838 divine
471 3781 577 3863 regula
595 3780 803 3864 praescribere
816 3779 948 3855 videtur,
970 3798 1060 3858 quem
1081 3796 1141 3834 non

71 3864 169 3929 faciat
192 3865 352 3940 intentum,
379 3861 454 3945 quid
477 3863 536 3924 sibi
554 3864 628 3924 velit
645 3876 728 3925 tanta
746 3864 872 3925 firmitas
889 3862 1004 3921 vinculi
1029 3861 1142 3941 conju·
1154 3864 1200 3953 ⁰⁰11
1215 3864 1260 3925 ¹²09
1272 3865 1322 3955 pin·

70 3946 174 4036 guliel
215 3946 311 4022 Quod
334 3967 527 4030 nequaquam
554 3961 632 4032 puto
661 3961 780 4009 tantum
800 3947 899 4009 ualere
918 3948 1065 4029 putuisse,
1083 3945 1141 4003 nisi
1154 3927 1271 4006 ibiibi?
1296 3928 1320 3956 ¹'

72 4031 208 4110 alicujus
236 4032 281 4091 rei
313 4032 441 4113 majoris
477 4052 512 4092 ex
537 4028 596 4095 bac
626 4030 747 4093 infirma
778 4031 964 4092 mortalitate
989 4029 1144 4090 hominnm
1237 4038 1240 4042 '

67 4112 232 4200 ¹quoddam
252 4114 471 4179 sacramentum
484 4116 692 4195 adhiberetur,
718 4118 804 4199 quod
817 4114 1023 4178 deserentibus
1044 4113 1147 4173 homi-

71 4201 167 4269 uibus
189 4208 282 4284 utque
303 4194 338 4264 id
359 4200 525 4268 dissolvere
545 4202 743 4290 cupientibus
763 4204 977 4268 inconcussum
1000 4197 1061 4263 illis
1083 4214 1149 4260 ma·
