2790 4792
276 318 405 389 aar·
520 303 1159 395 nesiennuerro,
1225 352 1229 361 .

624 491 1045 561 narses-

366 695 395 754 ι.
418 679 456 744 Δ.
496 623 756 742 audnsrmus
788 679 821 739 in
842 674 923 742 libro
946 679 985 740 de
1005 699 1075 741 vm
1095 690 1129 741 et
1146 677 1228 758 falsa
1246 683 1343 765 poeni-

111 787 272 838 ronanam
281 765 376 829 tentia
408 785 473 849 cap.
501 775 547 830 la
578 763 735 840 Quantum
766 763 808 824 sit
826 762 995 849 appetenda
1015 765 1115 850 gratia
1135 765 1345 848 poenitentiae,

108 845 192 886 ’Μ
282 855 380 914 omnis
403 850 571 909 auctoritas
590 848 742 923 declarat,
768 852 865 908 omnis
887 848 1043 909 honorum
1063 851 1125 908 vita
1154 860 1288 910 conatur
1302 872 1345 911 os-

280 935 424 999 tendere:
461 932 625 1016 languores
655 936 736 993 enim
764 946 873 1011 nnat,
909 933 1045 1017 leprosos
1073 945 1188 1009 curat,
1212 948 1346 998 mortuos

282 1022 431 1096 suscitat,
460 1019 534 1079 vitia
568 1017 674 1100 lugat,
705 1018 834 1079 virtutes
861 1031 1008 1094 exornat,
1041 1030 1176 1079 mentem
1210 1022 1308 1079 munit
1322 1033 1348 1081 et

283 1104 432 1178 roborat,
451 1102 568 1179 nomnia
587 1104 696 1180 satiat,
727 1105 827 1167 omnia
849 1102 1051 1186 redintegrat,
1073 1106 1178 1162 omnia
1200 1102 1346 1180 laetificat,
1376 1123 1381 1130 ·

286 1192 442 1251 sanitatem
463 1179 684 1270 augetJ''qaam
705 1196 872 1248 conservat.
916 1186 1039 1247 Claudis
1061 1206 1221 1270 gressum,
1259 1189 1346 1248 aridis

284 1275 422 1356 copiam,
456 1272 551 1330 caecis
576 1272 710 1331 resumit
736 1272 842 1331 risum.
885 1270 1047 1353 Temperat
1074 1291 1255 1347 successus,
1279 1294 1349 1332 con-

108 1351 164 1443 ffl·
181 1355 219 1400 ¹⁵·
284 1359 407 1440 stringit
424 1357 564 1439 impetus,
587 1354 766 1415 moderatur
780 1375 928 1414 excessus.
971 1356 1119 1439 Ignorans
1136 1376 1187 1433 se,
1208 1357 1351 1439 perhanc

111 1414 222 1497 ulcllb·
286 1463 318 1504 se
351 1441 561 1524 recognoscit:
594 1460 742 1521 quaerens
761 1461 812 1514 se,
848 1460 905 1521 per
932 1437 1011 1499 hanc
1040 1461 1071 1500 se
1105 1441 1230 1501 invenit.
1273 1442 1350 1501 Haec

112 1501 167 1588 Li&
185 1495 276 1556 ΗΜ
346 1569 356 1604 ,
386 1544 464 1607 quae
487 1521 625 1583 homines
659 1523 699 1584 ad
732 1523 854 1608 angelos
888 1523 993 1599 ducit,
1016 1537 1046 1584 et
1063 1537 1236 1585 creaturam
1251 1526 1350 1586 reddit

113 1603 425 1699 ,ffss‘ffiggcreatori
466 1606 528 1668 lste
544 1611 633 1669 ortui
662 1606 814 1692 perditam
835 1608 1012 1668 monstrarit
1042 1611 1219 1688 quaerenti,
1247 1622 1278 1670 et
1300 1610 1352 1670 de·

113 1707 149 1750 ⁸t·
287 1698 393 1756 cimam
414 1692 589 1753 drachmam
609 1692 726 1754 obtulit-
738 1695 879 1752 anxianti.
910 1693 1004 1752 'Haec
1020 1691 1236 1775 dissipatorem
1254 1692 1350 1753 filium

287 1778 328 1840 ad
352 1791 468 1862 patrem
491 1776 632 1850 reduxit,
658 1791 690 1838 et
712 1777 904 1837 vulneratum
927 1797 946 1836 a
960 1776 1130 1837 latronibus
1149 1779 1272 1839 custodi
1296 1800 1351 1837 cu-

287 1861 416 1924 randum
450 1863 622 1927 reservavit
677 1863 713 1920 ln
738 1860 797 1921 hac
832 1868 921 1923 omne
955 1860 1070 1921 bonum
1099 1864 1266 1939 invenitur,
1297 1884 1352 1944 per

287 1945 367 2006 hanc
401 1962 491 2003 omne
518 1941 635 2002 bonum
664 1957 882 2004 conservatur:
923 1945 1009 2027 fugat
1035 1945 1196 2025 tenebras,
1232 1946 1351 2008 inducit

287 2025 408 2104 lucem,
428 2027 571 2104 excoquit
590 2027 691 2086 omnia
713 2028 778 2108 ipsa
807 2030 883 2109 ignis
902 2048 1092 2089 consumens.

371 2123 401 2178 2.
443 2108 624 2169 BASlLIUS
651 2110 775 2192 scripsit
803 2109 960 2171 homiliam
990 2134 1083 2173 unam
1099 2112 1138 2191 de·
1153 2110 1345 2194 poenitentia,

288 2214 369 2279 quae
398 2204 444 2254 est
466 2194 572 2254 ultima
593 2197 673 2255 inter
699 2193 842 2256 homilias
871 2198 1026 2259 rariorum
1052 2207 1292 2283 argumentorum
1310 2194 1351 2255 ad

316 2298 335 2342 o
359 2277 454 2340 ulum.
936 2282 938 2293 '
1281 2286 1290 2300 “

114 2371 272 2415 neaeman·
292 2301 314 2364 Ρ
337 2301 405 2431 Pss.
448 2360 775 2424 CHRYSOSTOMUS
810 2365 932 2448 scripsit
959 2365 1062 2426 decem
1088 2364 1229 2427 homilias
1249 2362 1354 2425 admo·

116 2421 150 2516 ll
159 2425 366 2522 'nihildum
381 2449 514 2532 egregias
536 2447 575 2508 de
594 2448 799 2530 poenitentia,
822 2460 900 2530 quae
922 2446 1075 2511 habentur
1096 2453 1129 2511 in
1158 2462 1245 2512 tomo
1264 2449 1355 2531 quin-

292 2544 348 2594 to:
377 2543 450 2614 post
471 2553 546 2613 quas
575 2536 719 2614 requitur
754 2553 854 2594 sermo
872 2534 913 2594 de
931 2538 1140 2616 poenitentia,
1172 2534 1228 2595 uhi
1243 2534 1288 2594 sic
1302 2532 1355 2593 ha·

292 2615 360 2676 bet:
392 2614 647 2698 Opeenitentia,
676 2637 754 2698 quae
787 2631 946 2700 peccatum
969 2622 1130 2680 miseraute
1157 2620 1226 2680 Deo
1253 2620 1356 2679 remit·

288 2703 347 2774 tis,
368 2708 399 2758 et
423 2698 598 2781 paradisum
634 2719 767 2760 reseras:
803 2724 882 2784 quae
900 2705 1064 2763 contritum
1090 2725 1181 2765 sanas
1194 2703 1354 2779 hominem,

288 2793 321 2842 et
339 2783 457 2842 tristem
486 2780 647 2841 exhilaras:
682 2785 772 2844 vitam
794 2783 832 2844 de
853 2788 979 2847 interitu
999 2809 1147 2865 revocas,
1181 2800 1295 2849 statum
1309 2807 1353 2847 re-

288 2876 422 2926 stauras:
450 2861 601 2925 honorem
635 2887 778 2944 renatas,
806 2867 949 2930 fiduciam
976 2870 1050 2931 das:
1084 2885 1114 2933 et
1139 2873 1292 2934 reformas
1314 2872 1354 2930 ri-

288 2969 357 3024 res,
388 2947 578 3032 gratiamque
608 2949 861 3013 abundantiorem
897 2955 1042 3016 refundis.
1081 2957 1125 3018 ·0
1160 2958 1352 3041 poenitentia,

290 3033 368 3117 quid
394 3033 432 3093 de
466 3035 590 3095 tenori
620 3035 769 3096 referam?
811 3037 922 3099 Omnia
950 3040 1038 3124 ligata
1061 3054 1096 3101 tu
1118 3042 1239 3117 solvis,
1262 3042 1352 3102 omnia

289 3116 390 3180 soluta
418 3138 555 3194 reseras,
588 3122 690 3179 omnia
722 3122 846 3184 adversa
873 3134 909 3182 tu
941 3128 1078 3208 mitigas:
1101 3129 1205 3187 omnia
1222 3127 1350 3187 contrita

289 3214 325 3263 tu
354 3221 461 3279 sanas,
501 3204 606 3277 omnia¹
631 3205 759 3266 confusa
786 3218 822 3268 tu
846 3207 984 3281 lucidas,
1015 3210 1115 3270 omnia
1134 3209 1301 3292 desperata
1320 3220 1351 3269 tu

290 3287 411 3346 animas.
450 3286 483 3348 :0
514 3289 702 3372 poenitentia
728 3291 903 3352 rutilantior
922 3314 1017 3369 auro,
1051 3292 1247 3378 splendidior
1283 3292 1349 3368 sole,

291 3391 382 3454 quam
416 3391 497 3431 non¹
515 3373 610 3437 vincit
641 3387 820 3454 peccatum,
857 3397 912 3437 nec
943 3377 1075 3438 defectio
1108 3389 1261 3461 superat,
1304 3397 1351 3438 nee

291 3456 463 3536 desperatio
486 3453 573 3516 delet.
616 3456 807 3520 Poenitentia
830 3464 949 3543 respuit
968 3465 1145 3536 avaritiam,
1169 3462 1284 3525 horret
1310 3462 1351 3522 lu·

289 3541 424 3611 xuriam,
464 3538 544 3622 sugit
572 3540 726 3619 furorem,
751 3540 853 3605 fimat
870 3565 1018 3622 amorem,
1053 3547 1149 3607 calcat
1168 3549 1349 3630 superbiam,

289 3609 424 3706 lidguam
442 3625 602 3700 continet,
631 3630 789 3710 componit
807 3640 927 3703 mures,
949 3630 1015 3691 odit
1038 3632 1202 3708 malitiam,
1225 3631 1349 3694 excludit
1374 3666 1377 3675 ·

289 3706 442 3766 invidiam.
485 3706 625 3769 Perfecta
640 3713 828 3791 poenitentia
854 3716 935 3796 cogit
958 3727 1161 3797 peccatorem,
1189 3721 1296 3778 omnia
1318 3716 1349 3775 li·

289 3790 399 3852 beuter
417 3789 560 3868 sufferre,
591 3795 616 3852 si
633 3794 784 3857 violentus
807 3809 949 3880 quaerat,
978 3821 1057 3881 quae
1071 3799 1187 3875 habet,
1212 3823 1282 3863 non
1305 3821 1348 3860 ve·

289 3886 349 3935 tat:
373 3876 397 3934 si
424 3888 533 3936 vestem
562 3876 703 3957 dirimat,
734 3901 796 3942 non
819 3884 1009 3968 refragatur:
1039 3888 1229 3967 percutienti
1252 3883 1347 3947 maxil-

289 3956 351 4017 lam
371 3952 498 4040 praebet
527 3960 659 4023 alteram.
701 3965 765 4025 lam
790 3965 963 4050 angariatus
995 3968 1078 4030 ultro
1099 3969 1235 4050 adjicit,
1266 3969 1349 4031 casti·

289 4054 373 4124 gatus
391 4046 500 4127 gratias
515 4048 591 4128 agit,
631 4064 817 4130 provocatus
836 4063 934 4123 tacet,
963 4067 1155 4136 exasperatus
1171 4052 1348 4115 blanditur:

286 4127 436 4207 superiori
471 4130 596 4213 supplex
620 4144 685 4206 est,
725 4135 863 4200 inferiori
893 4133 1047 4214 subjacet:
1082 4134 1118 4198 ¹'ru
1154 4141 1255 4201 corde
1288 4140 1349 4219 ejus

265 4210 432 4284 ,contritio
453 4223 514 4290 est,
549 4215 581 4274 in
602 4234 657 4278 ore
676 4218 744 4299 ejus
768 4219 941 4295 confessio,
967 4219 998 4280 in
1020 4243 1113 4309 opere
1132 4236 1203 4286 tota
1224 4221 1348 4287 humili·

119 2937 280 3002 retrusurus

117 3003 159 3034 ur.
