2782 4786
495 328 758 399 =Enrreurs.··
1133 338 1171 405 V

188 527 334 602 Etenim
351 550 433 600 cum
461 524 613 599 terbum
635 527 726 617 Dei,
753 526 904 607 terbum
924 532 1088 604 veritatis
1114 534 1154 604 in

90 670 214 725 mente
235 650 394 725 hominis
415 648 619 750 plantutum
655 667 766 745 atque
791 651 999 751 depositum
1025 673 1063 727 et
1083 680 1163 754 per.-

91 776 245 849 verbum
269 774 426 847 divinum
448 789 512 845 eut
533 796 603 872 per
628 771 723 844 alios
745 775 909 851 diversus
930 781 1081 877 gratiae·
1100 779 1152 851 el·

87 898 206 970 lectus
229 899 303 970 rita
326 918 439 986 rere,·
467 895 540 989 rita
567 895 712 977 divine,
738 922 832 994 ques
855 925 899 972 ex
922 902 1017 975 Deo:
1032 917 1090 973 est
1112 916 1161 972 et·

86 1022 201 1108 trine,
235 1020 349 1093 Fides
381 1018 585 1101 videlicet,
625 1034 662 1089 et
686 1019 804 1118 Sper,
846 1041 884 1094 et
907 1023 1072 1112 Csritas,
1108 1022 1148 1094 in

84 1142 257 1215 cordibus
282 1143 474 1214 hominum
499 1157 557 1211 est
582 1138 718 1230 effusa,
747 1138 847 1217 tuctu
872 1163 983 1244 atque
1007 1144 1147 1217 viribus

85 1265 130 1336 de
171 1288 317 1338 sursum
352 1280 538 1364 perpetuo
579 1264 730 1360 indiget.
769 1267 930 1340 ¹Flentes
970 1268 1148 1365 quutqun,¹

78 1404 138 1460 et·
156 1390 298 1485 gremio
330 1368 466 1459 'metris
503 1400 624 1455 terrae
650 1401 779 1470 natus,
820 1389 878 1483 (ut
912 1388 1148 1460 similitudine

77 1511 242 1608 utemur)
268 1536 293 1582 u
319 1510 415 1593 sole,
442 1515 528 1578 aere
553 1522 590 1577 et
617 1523 718 1578 terre
743 1510 877 1580 nutriri
901 1532 1055 1581 necesse
1083 1529 1149 1583 est.

77 1635 249 1706 Necesse
278 1647 357 1717 est,
396 1631 549 1703 areolis
574 1631 686 1715 luce,
718 1631 890 1728 caelique
912 1631 1164 1704 strenuom.

84 1771 171 1837 tes,
195 1770 238 1824 ut
262 1774 382 1823 rorem
408 1769 444 1822 et
463 1753 624 1848 pluriam
659 1752 884 1850 accipientes
917 1771 1141 1853 vegetentur,

83 1894 127 1948 ut
163 1872 307 1947 vitalem
343 1873 562 1971 recipientes
589 1874 775 1962 calorem,
804 1875 922 1948 etsie
947 1877 995 1948 ub
1021 1895 1139 1950 exter·

75 1986 134 2072 uis
159 1986 314 2070 neturus
338 1988 474 2071 viribus
499 1999 765 2100 tactaerirsnt
802 2014 913 2096 utque
960 2018 1135 2072 crescant.

174 2243 340 2315 Similem
373 2243 551 2315 rationem
589 2259 634 2316 et·
653 2242 906 2317 conditionem
931 2245 1133 2344 spiritualis

47 2367 237 2442 emnium
253 2365 477 2441 credentium
499 2366 578 2440 vitu
604 2364 730 2440 habet·
776 2394 783 2405 “
861 2432 864 2439 .
924 2406 927 2413 ·

173 2616 221 2685 Ει
244 2613 285 2695 iu
308 2612 480 2685 Ecclesia
506 2609 582 2681 Dei
606 2608 663 2682 sol
688 2609 789 2684 lucet
812 2626 924 2710 etque
948 2609 1133 2710 splendet,

72 2739 179 2833 isque
214 2735 291 2821 sol,
329 2737 394 2832 qui
428 2731 527 2810 soli,
560 2732 597 2802 in
632 2733 744 2832 caelo·
770 2734 938 2806 terrestri
962 2734 1131 2830 fulgenti,

71 2858 193 2931 lucem
206 2874 316 2955 atque
333 2850 593 2955 splendorem
581 2857 757 2955 impertit,
768 2882 833 2955 qur
822 2857 967 2930 radios
976 2883 1063 2929 suos
1077 2859 1131 2954 ig·

68 3004 163 3050 neus
184 3004 330 3077 semper
355 3003 569 3093 semperque
600 2980 761 3065 emittit‚·
793 2998 831 3052 et
855 2980 997 3053 unimus
1022 2980 1127 3052 lumi·

68 3125 120 3174 ne
157 3099 244 3183 alit,
281 3120 414 3197 easque
437 3126 503 3173 suu
527 3103 614 3199 igne
633 3098 767 3187 foret,
783 3103 842 3175 sol
866 3128 1001 3198 nempe
1023 3103 1129 3198 justi·

46 3224 205 3306 'tlue¹’‚
231 3238 269 3293 et
292 3221 354 3293 lux
377 3246 484 3310 rurs,
510 3248 603 3320 quse
629 3225 813 3309 illuminat
842 3247 991 3295 omnem
1013 3223 1129 3291 homi
1144 3244 1280 3384 ιιῖιῐιιῖιιιιι.

69 3373 154 3418 nem
202 3344 414 3417 venientem
461 3344 502 3414 in
548 3347 646 3420 huuc
703 3345 884 3418 mundum
894 3342 943 3433 ,n
989 3343 1239 3447 Jnggnsou

70 3468 330 3552 CHRISTUS,
372 3467 500 3540 oriens
534 3486 656 3540 noster
693 3494 738 3541 ex
762 3468 849 3539 ulto.
859 3469 885 3513 ὅ)
933 3471 976 3538 ln
1000 3466 1128 3538 Eccle·
1142 3474 1234 3529 ιιιιι
1248 3479 1266 3520 ¹

69 3591 125 3664 sia
148 3591 220 3662 Dei
245 3592 364 3664 nostri
388 3608 425 3664 et
449 3590 572 3663 imber
597 3590 789 3665 descendit
814 3589 861 3661 de
884 3590 1011 3674 caelo,
1058 3589 1135 3661 sci..

65 3712 158 3786 licet
194 3712 346 3797 terbum
380 3738 424 3787 er
460 3739 528 3786 ore
563 3716 717 3806 Ipsius,
757 3730 795 3786 et
820 3713 908 3784 illuc
934 3712 1029 3783 ultre
1052 3738 1129 3782 non

67 3836 263 3907 revertitur
299 3837 405 3927 (dicit
446 3836 630 3909 Dominus
672 3860 813 3934 peres
848 3837 1069 3934 Prophetae)
1081 3834 1125 3918 ”a
1139 3831 1201 3927 luJ
1190 3838 1244 3871 '¹⁸¹'
1229 3823 1298 3870 ιγ’

71 3957 136 4030 sed
161 3959 322 4030 inebriet
356 3977 492 4031 terram
526 3934 568 4033 ed
588 3958 749 4030 infundit
772 3984 853 4030 cum
878 3958 1008 4048 (corde
1026 3980 1128 4030 nem·

73 4102 120 4177 pe
143 4082 350 4171 hominum)
375 4100 412 4157 et
438 4084 751 4183 germinareeum
773 4083 886 4175 fucit,
922 4098 960 4154 et
985 4081 1047 4154 dat
1072 4105 1130 4152 se·
