2790 4792
402 286 905 353 ane-unane*
1088 293 1140 361 33

65 493 102 542 et
118 464 230 540 'Latine
252 475 377 552 dicitnr,
402 473 570 558 adaperire.
606 473 689 543 ,ldeo
712 494 786 556 ergo
803 472 863 557 tibi
882 472 1025 537 sacerdos
1048 496 1136 538 aures
1188 490 1206 526 ι·

69 567 184 647 tetigit,
196 575 231 622 ut
247 563 435 646 aperirentur
446 582 533 620 aures
547 571 625 624 tunc,
636 558 673 617 ad
685 579 859 636 sermonem,
876 573 905 620 et
922 561 961 620 ad
978 563 1136 643 eloquium

68 647 250 707 sacerdotis.
291 645 392 720 Nares,
414 657 451 706 ut
472 644 589 704 bonum
605 642 730 701 odorem
743 645 872 723 accipias
890 647 1013 725 pietatis
1036 659 1136 706 aeter·

65 752 137 808 nae,
156 743 186 790 et
201 722 241 790 sit
257 732 288 789 in
304 740 333 788 te
353 726 422 789 fidei
439 729 672 805 devotionisque
694 726 783 807 plena
800 729 972 810 fragrantia.
1014 730 1135 791 Deinde

68 837 96 875 c.
121 829 171 880 2:
212 812 354 873 Venimus
371 814 409 873 ad
431 814 559 887 sontem,
578 814 728 892 ingressus
753 832 792 871 es.
836 812 981 873 Occurrit
998 813 1056 873 tibi
1073 817 1134 875 Le-

69 902 152 958 vita:
175 900 309 973 occurrit
323 899 505 981 presbyter:
528 906 640 954 unctus
663 915 693 952 es
721 896 808 973 quasi
831 894 944 955 athleta
962 898 1131 957 CHRISTI.
1144 889 1277 981 fflffigi

70 982 202 1059 Quando
213 993 241 1041 te
252 983 452 1065 interrogavit
462 1005 469 1038 :
490 979 703 1039 Abrenuncias
715 977 837 1038 diabolo
851 990 880 1039 et
891 981 1034 1060 operibns
1045 982 1133 1061 ejus?
1145 989 1201 1030 atio.
1279 970 1285 982 ’

71 1066 146 1147 qnid
156 1066 359 1147 respondisti?
372 1064 584 1128 Alirennncio.
595 1061 803 1121 Abrenuncias
816 1062 919 1123 seculo
931 1065 1135 1147 etroluptati·

66 1149 124 1209 bus
150 1149 234 1230 ejus?
257 1151 336 1232 quid
359 1143 571 1230 respondisti?
602 1143 810 1204 Abrcnuncio.
853 1147 972 1207 Memor
985 1161 1049 1209 esto
1067 1171 1135 1209 scr·-

62 1235 162 1313 monis
199 1237 244 1293 tui
272 1247 330 1295 etc.
384 1235 491 1314 Capite
516 1229 628 1290 tertiat
670 1228 790 1289 Deinde
816 1231 967 1288 accessisti
998 1234 1134 1313 propius,

61 1317 167 1377 vidisti
187 1318 316 1393 fontem,
342 1316 447 1389 vidisti
474 1325 504 1373 et
529 1312 716 1371 sacerdotem
737 1333 829 1394 snpra
852 1314 974 1370 fontem.
1017 1316 1137 1373 Deinde

63 1404 165 1483 eapite
187 1405 318 1483 quinto:
337 1401 454 1469 Forma
472 1396 661 1476 baptismatis
678 1409 707 1455 et
720 1417 793 1455 usus
814 1395 877 1455 lroc
896 1394 999 1470 habet,
1017 1408 1052 1455 ut
1070 1407 1139 1455 autc

62 1485 130 1545 fons
152 1495 366 1554 consecretur,
382 1492 412 1537 et
432 1492 505 1538 tunc
519 1477 690 1554 descendat,
705 1482 759 1560 qui
771 1479 968 1562 baptizandus
989 1491 1043 1538 est.
1063 1480 1139 1538 Nam
1149 1495 1234 1556 rutro
1257 1509 1311 1539 eon.

62 1568 118 1635 ubi
131 1570 272 1651 primum
282 1562 455 1643 ingreditur
467 1564 618 1638 sacerdos,
627 1567 824 1623 exorcismum
840 1562 924 1633 lacit,
934 1563 1069 1625 seeundo
1084 1585 1140 1624 su·
1148 1552 1308 1637 ffissffim,

57 1673 119 1735 per
140 1661 318 1709 creaturam
331 1665 426 1724 aquae
437 1649 664 1723 invocationem,
675 1663 780 1730 postea
793 1661 824 1707 ct
836 1668 959 1729 precem
966 1647 1066 1709 defert
1072 1692 1083 1726 ,
1102 1660 1139 1708 ut

61 1729 286 1794 sanctificetur
316 1728 402 1807 fonS,
431 1742 460 1791 et
488 1732 575 1791 adsit
595 1736 762 1814 praesentia
788 1733 944 1791 Trinitatis
966 1744 1113 1792 aeternae.

155 1827 187 1883 4.
230 1810 338 1872 IDEM
355 1812 534 1874 Ambrosius
550 1816 584 1874 L.
613 1817 652 1875 Π.
675 1816 807 1877 Sacram.
830 1838 856 1887 c.
884 1829 928 1883 5.:
971 1815 1064 1877 Venit
1083 1808 1231 1877 sat-Dm
1254 1809 1308 1862 sap.

58 1898 190 1971 cerdos,
211 1917 332 1978 precem
353 1896 427 1958 dicit
444 1899 483 1958 ad
495 1899 621 1972 fontem,
646 1902 766 1961 invocat
781 1901 887 1960 Patris
900 1921 1021 1977 nomen,
1041 1863 1217 1984 prae-nom.

61 1985 195 2045 sentiam
207 1979 279 2039 Filii
298 1977 466 2063 etspiritus
477 1985 584 2057 sancti,
606 1986 706 2044 utitur
721 1984 824 2044 verbis
839 1983 1028 2047 caelestibus.
1056 1986 1134 2046 Cae-

67 2068 158 2129 lestia
186 2063 283 2123 verba
301 2066 482 2149 quassanti
506 2067 591 2148 quod
610 2067 801 2150 baptizemur
824 2072 855 2128 in
876 2071 998 2151 nominc
1019 2069 1208 2160 Patris„,.,.
1261 2121 1274 2162 f

66 2165 100 2215 ct
118 2149 201 2226 Filii,
223 2156 254 2209 et
264 2148 394 2230 Spiritus
413 2153 516 2209 sancti.
558 2151 613 2210 ET
633 2155 734 2234 capite
762 2155 910 2234 septimo:
952 2133 1209 2236 Interroga-sris.⁸¹
1233 2132 1307 2163 Μ

66 2247 122 2295 tus
137 2253 183 2291 es:
205 2233 309 2293 Credis
320 2235 351 2292 in
361 2235 460 2295 Deum
470 2234 593 2294 Patrem
610 2237 868 2318 omnipotentem?
897 2236 1008 2312 dixisti,
1020 2237 1132 2297 Credo.

69 2316 115 2376 Et
134 2318 269 2405 mersisti,
284 2313 358 2377 lroc
378 2330 432 2394 est,
462 2319 599 2402 sepultus
635 2339 676 2376 es.
717 2321 836 2390 Iterum
866 2320 1070 2400 interrogatus
1092 2341 1135 2394 es,

68 2400 178 2461 Credis
199 2403 232 2460 in
254 2401 417 2477 Dominum
432 2417 573 2473 nostrum
586 2401 716 2462 JESUM
734 2401 952 2477 CHRISTUM,
976 2414 1005 2460 et
1019 2404 1050 2459 in
1064 2423 1136 2460 cru-

66 2506 135 2545 cem
152 2483 245 2567 ejus?
277 2485 393 2551 dixisti:
415 2486 536 2562 Credo,
565 2497 594 2542 et
621 2488 760 2544 mersisti.
803 2487 909 2543 Tertio
927 2487 1135 2567 interrogatus

67 2591 111 2646 es,
132 2568 240 2629 Credis
254 2581 285 2629 et
308 2576 340 2628 in
353 2570 508 2653 Spiritum
525 2569 683 2637 sanctum?
719 2569 845 2629 Dixisti:
882 2569 998 2629 Credo:
1029 2571 1134 2631 Tertio
1192 2617 1251 2657 ,m
1266 2620 1286 2658 t.

68 2655 234 2713 mersisti.=
255 2652 341 2737 Ergo
365 2657 516 2727 mersisti,
538 2655 645 2712 venisti
673 2651 712 2712 ad
742 2653 952 2730 sacerdotem,
976 2654 1051 2735 quid
1074 2653 1132 2714 tibi
1143 2673 1199 2718 pose
1218 2630 1306 2719 haitid·-

67 2736 165 2797 dixit?
200 2737 293 2811 Deus,
314 2740 424 2818 inquit,
440 2738 534 2795 Pater
552 2740 745 2819 omnipotens
754 2774 770 2814 ,·
798 2739 851 2818 qui
888 2749 917 2797 te
943 2741 1133 2820 regeneravit
1142 2729 1309 2806 iffiufffi‘i

66 2842 104 2882 ex
127 2841 207 2902 aqua
223 2833 261 2881 et¹
271 2819 392 2902 Spiritu
407 2832 523 2896 sancto,
543 2822 751 2903 concessitque
771 2821 831 2882 tibi
846 2834 970 2905 peccata
986 2836 1048 2900 tua,
1069 2827 1132 2906 ipse
1143 2815 1308 2905 fissssgg²¹⁰³l¹⁸

70 2916 103 2967 te
121 2907 266 2987 magelin
288 2905 381 2962 vitain
399 2917 556 2964 aeternam.
801 2954 804 2959 .
1143 2878 1157 2918 P

125 3003 185 3055 .5.
229 2985 475 3047 PRAETEREA
495 2992 528 3051 L.
547 2989 603 3048 III.
626 2989 665 3048 de
683 2989 768 3053 Sacr.
791 3012 817 3051 c.
842 3003 890 3056 1.=
934 2988 1055 3072 Accipis
1079 3011 1135 3049 aa·

69 3087 133 3139 tem
157 3071 355 3147 mysterium,
376 3070 434 3130 hoc
449 3085 503 3148 est,
519 3087 705 3156 unguentum
727 3095 822 3156 supra
836 3085 939 3156 caput.
962 3073 1136 3132 Ascendisti

68 3161 107 3221 de
120 3159 220 3232 fonte,
244 3153 320 3234 quid
333 3169 469 3215 secutum
482 3156 544 3216 est?
565 3157 686 3217 Audisti
700 3157 873 3234 lectionem,
896 3158 1069 3215 succinctus
1092 3167 1139 3214 est

67 3258 207 3317 summus
232 3238 385 3298 sacerdos.
426 3241 511 3298 Licet
531 3245 608 3300 enim
632 3253 662 3300 et
683 3236 859 3323 presbyteri
880 3239 1017 3315 fecerint,
1037 3232 1165 3313 tamen,

68 3324 233 3388 exordium
255 3324 452 3383 ministeriis
475 3344 589 3384 summo
613 3336 657 3385 est
674 3326 843 3385 sacerdote.
887 3324 1067 3383 Succinctus
1088 3326 1137 3383 in·
1278 3380 1280 3395 ,

67 3431 165 3493 quam
188 3429 321 3468 summus
352 3406 506 3480 sacerdos,
528 3408 619 3489 pedes
650 3409 708 3468 tibi
730 3408 811 3469 lavit.
855 3405 925 3468 Non
950 3409 1137 3491 ignoramus,
1147 3400 1309 3492 {ffigcffissffi

67 3494 160 3578 quod
192 3492 330 3561 Ecclesia
367 3492 504 3551 Romana
535 3492 612 3550 hanc
639 3492 889 3554 consuetudinem
920 3511 983 3551 non
1016 3490 1135 3565 habeat,
1147 3500 1302 3542 menotense.

68 3580 168 3660 cujus
195 3589 304 3659 typum
326 3577 357 3635 in
379 3573 522 3634 omnibus
546 3583 699 3655 sequimur
720 3590 751 3636 et
770 3577 906 3639 formam.
949 3574 1028 3635 Vide
1053 3597 1137 3660 ergo,
1186 3606 1189 3611 ·
1224 3606 1228 3613 ·

66 3686 106 3729 ne
128 3661 216 3723 forte
236 3672 364 3743 propter
387 3659 613 3721 multitudinem
644 3661 813 3721 declinavit.
853 3663 895 3721 Et
927 3659 1060 3721 secundo
1085 3683 1137 3721 ca-

69 3750 157 3835 pite:
201 3745 347 3825 Sequitur
366 3742 505 3827 spiritale
529 3743 733 3826 signaculum,
757 3749 829 3824 quia
854 3756 926 3826 post
950 3744 1064 3804 fontem
1086 3767 1139 3806 su-

70 3841 189 3917 perest,
213 3841 248 3888 ut
268 3829 417 3912 perfectio
442 3826 496 3888 fiat
511 3840 568 3888 etc.
612 3827 690 3888 Post
712 3827 787 3888 haec
811 3829 886 3909 quid
909 3829 1065 3910 sequitur?
1086 3852 1141 3911 vc<

70 3919 138 3977 nire
161 3912 258 3989 hahes
281 3913 320 3973 ad
341 3914 434 3975 altare
455 3924 512 3972 etc.

157 4011 189 4067 6.
232 3997 341 4057 IDEM
363 3995 587 4057 Ambrosiusin
611 3994 694 4056 libro
712 3996 749 4057 de
772 3996 820 4072 iis,
844 3995 898 4077 qui
910 3998 1059 4079 mysteriis
1080 3996 1142 4057 ini-

77 4080 202 4161 tiantur,
223 4104 249 4142 c.
269 4094 317 4148 1.:
360 4080 487 4162 Aperite
509 4101 608 4158 aures,
627 4094 658 4142 et
677 4079 794 4141 bonum
808 4080 1024 4141 odoremvitae
1047 4092 1127 4141 aeter

71 4185 138 4233 nae
152 4166 317 4229 inhalatum
344 4162 433 4225 vobis
460 4184 584 4227 munere
606 4165 871 4229 sacramentorum
900 4167 1030 4249 carpite:
1059 4151 1266 4246 quod,}g¹,{j‡¹¹¹²
1285 4151 1310 4213 ’ἲ

128 4291 232 4338 Canities
247 4292 274 4336 τ.
296 4290 328 4332 11.
656 4282 659 4294 '
772 4346 783 4366 k
893 4291 914 4348 ὅ
