2790 4792
858 39 892 79 v
941 40 946 47 .

291 340 911 438 conrrnuamours.
1083 348 1169 445 ao¹

51 518 168 591 'unxit
183 518 265 607 me:
294 528 488 612 evangelizare
516 524 708 608 pauperibus
733 518 814 588 misii
839 549 895 594 me.
945 525 1022 589 Oleo
1056 527 1136 588 enim

66 627 133 675 ¹aut
148 624 303 697 unguento
332 613 489 696 corporali,
504 610 646 670 Christus
678 610 716 669 ab
740 611 913 675 huminibus
944 624 1052 673 unctus
1072 631 1136 671 non

79 711 143 759 est:
176 698 340 780 sedxpater
369 699 546 758 salvatorem
568 694 655 752 illum
677 697 782 755 mundi
811 699 903 758 totius
939 699 1136 771 constituens,

78 783 166 841 unxit
181 803 247 840 eum
262 795 364 843 sancto
385 783 504 866 spiritu.
548 779 708 837 Caeterum
726 779 805 855 vide,
825 799 862 840 ue
882 782 956 841 illud
981 801 1043 840 esse
1073 765 1313 862 pu-,Tssfflfflm'

75 876 122 925 tes
143 872 482 947 unguentum-tantum:
504 861 758 943 quemadmodum
780 865 856 923 enim
878 868 964 946 panis
983 863 1137 923 Euchari-

77 952 164 1024 stiae,
185 962 255 1031 post
272 954 369 1011 sancti
380 952 507 1034 spiritus
527 947 759 1023 invocationem,
781 967 842 1006 non
857 949 981 1030 amplius
994 960 1036 1006 est
1049 950 1136 1029 panis

75 1037 252 1110 communis,
272 1035 325 1094 sed
345 1049 390 1096 est
407 1051 520 1115 corpus
537 1029 712 1090 CHRISTI:
729 1035 777 1090 'sic
801 1041 831 1089 et
847 1045 983 1091 sanctum
1002 1031 1064 1090 hoc
1077 1014 1282 1119 un-ffii'ssssfl’

75 1126 237 1200 guentum,
258 1139 321 1179 non
345 1116 474 1199 amplius
512 1125 557 1172 est
586 1126 774 1196 unguentum
806 1115 941 1193 nudum,
976 1135 1076 1194 neque
1098 1115 1137 1193 (si

75 1203 143 1282 quis
166 1204 209 1261 ita
230 1202 384 1285 appellare
395 1199 495 1273 malit)
519 1216 687 1273 commune,
709 1210 874 1280 postquam
891 1201 954 1279 jam
981 1218 1138 1259 conseera-

70 1296 136 1343 tum
158 1296 218 1344 est:
240 1286 294 1346 sed
320 1297 366 1344 est
395 1283 533 1341 Chrisma
557 1281 730 1357 CHRISTI,
752 1282 838 1363 quod
857 1283 988 1342 adventu
1008 1282 1140 1360 Spiritus

71 1370 167 1427 sancti
190 1389 247 1450 per
268 1370 366 1450 ipsius
387 1367 575 1424 divinitatem
597 1369 746 1446 energiam
767 1365 869 1425 habet.
913 1367 987 1441 Quo
1012 1365 1098 1422 frons
1111 1377 1142 1423 et

70 1451 121 1510 alii
140 1473 245 1511 sensus
267 1451 407 1530 corporis
425 1449 471 1505 tui
485 1447 649 1522 symbolice
661 1451 864 1532 inunguntur:
888 1461 920 1510 et
940 1468 1050 1530 corpus
1072 1448 1142 1526 qui-

70 1534 141 1594 dem
161 1537 222 1592 isto
246 1532 361 1590 visibili
376 1542 532 1613 unguento
568 1534 764 1615 perungitur:
799 1537 896 1594 anima
920 1554 1014 1607 vero,
1036 1541 1140 1590 sancto

67 1615 264 1694 vivificoque
296 1616 406 1695 spiritu
435 1612 649 1675 sanctificatur.
710 1617 812 1696 Hujus
842 1619 937 1678 saneti
970 1615 1137 1676 chrismatis
1148 1602 1317 1706 {³:132ngssssss

71 1699 162 1758 douo
188 1708 322 1777 accepto,
344 1700 449 1757 merito
474 1699 662 1781 appellamini
683 1700 864 1761 Christiani:
886 1723 986 1762 veram
1008 1698 1135 1760 efficiens
1146 1715 1182 1742 ¹¹¹¹·
1190 1703 1316 1793 captarunt

73 1777 312 1862 appellationem
335 1783 366 1840 in
390 1783 454 1864 ipsa
484 1785 727 1866 regeneratione:
761 1797 920 1866 antequam
950 1787 1028 1846 enim
1059 1764 1236 1843 haecl'lll”
1256 1755 1314 1797 Μ’

70 1867 172 1949 gratia
196 1867 282 1925 vobis
303 1865 413 1926 donata
436 1879 522 1944 esset,
552 1888 613 1927 non
638 1870 725 1928 eratis
748 1872 874 1952 proprie
908 1870 991 1953 digni
1018 1888 1055 1928 eo
1074 1887 1134 1926 no·

66 1951 163 2024 mine,
186 1947 238 2008 sed
252 1963 407 2031 pergentes
427 1971 462 2010 eo
486 1972 584 2034 usque
600 1957 756 2037 progressi
781 1956 861 2029 estis,
884 1967 920 2014 ut
938 1953 1130 2014 efficeremini

72 2032 247 2092 Christiani.
296 2033 340 2094 Ne
361 2036 521 2118 ignoretis,
555 2038 586 2094 in
614 2039 708 2097 reteri
736 2037 801 2120 lege
830 2038 925 2117 hujus
956 2037 1132 2097 Chrismatis

69 2116 244 2191 symbolum
274 2122 476 2200 praecessisse.
519 2120 640 2194 Moyses
667 2123 746 2180 enim
772 2133 828 2182 etc.
871 2121 932 2181 Sed
956 2122 1030 2181 haec
1061 2123 1132 2201 qui-

71 2200 143 2258 dem
165 2202 195 2258 in
217 2199 313 2283 ligura
332 2202 550 2286 contingebant
579 2205 656 2280 illis,
677 2206 769 2264 nobis
793 2226 865 2264 vero
886 2226 948 2264 non
969 2207 1001 2264 in
1022 2205 1132 2286 figura,

72 2282 177 2342 sedin
196 2288 327 2346 veritate.
370 2281 426 2347 Est
453 2298 531 2348 enim
563 2287 624 2346 hoc
648 2301 802 2363 sanctum,
835 2288 890 2347 ad'
909 2287 1133 2370 protegendum

72 2386 184 2449 corpus
197 2371 403 2453 spiritualiter,¹
424 2373 507 2430 etad
530 2371 656 2430 salutem
676 2375 804 2434 animae.

158 2464 185 2518 1.
228 2453 260 2513 G.
281 2453 540 2514 AUGUSTINUS
563 2455 597 2511 L.
617 2453 686 2513 XV.
714 2455 752 2513 de
773 2453 892 2514 Trinit.'
908 2454 933 2511 θ’.
960 2465 1028 2518 26.=
1071 2443 1222 2511 Ne-Miffl·
1238 2454 1259 2492 ⁸·
1275 2455 1308 2493 ¹&

66 2556 129 2619 que
145 2535 253 2618 aliquis
274 2538 495 2620 discipulorum
517 2537 585 2616 ejus
604 2536 689 2596 dedit
700 2538 848 2619 Spiritum
862 2547 1008 2596 sanctum.
1052 2493 1309 2595 0r2.1En¹l¹1lll',¹'‘l2.”²

66 2621 146 2681 bant
168 2625 291 2704 quippe,
312 2634 347 2681 ut
363 2625 478 2681 veniret
502 2623 533 2678 in
554 2642 614 2695 eos,
638 2621 755 2703 quibus
775 2642 894 2680 manum
925 2618 1128 2703 imponebant,
1140 2604 1307 2699 {impelli

63 2725 132 2766 nou
149 2706 207 2786 ipsi
218 2727 286 2764 eum
300 2705 422 2764 dabant.
467 2706 565 2780 Quem
578 2727 691 2765 morem
713 2707 745 2764 in
758 2708 818 2765 suis
837 2707 1018 2791 praepositis
1040 2706 1129 2764 etiam
1139 2696 1179 2731 ‘¹⁸‘

63 2807 155 2849 nunc
182 2800 282 2847 servat
312 2789 459 2848 Ecclesia.
509 2789 647 2872 Denique
676 2803 707 2851 et
732 2790 836 2851 Simon
869 2792 975 2873 Magus
1001 2789 1131 2850 offerens

63 2872 230 2955 Apostolis
253 2867 420 2953 pecuniam,
442 2893 502 2932 non
526 2875 583 2934 ait:
625 2876 704 2934 Date
727 2884 756 2933 et
788 2872 861 2934 milri
894 2874 973 2933 hanc
996 2885 1132 2956 potesta-

60 2969 137 3032 tem,
163 2967 199 3013 ut
220 2956 288 3013 dem
314 2955 460 3036 Spiritum
481 2962 635 3019 sanctum:
657 2959 710 3019 sed
733 2962 917 3038 cuicunque,
945 2960 1052 3038 inquit,
1072 2959 1132 3015 iru-

60 3038 207 3126 posuero
230 3058 344 3114 manus,
366 3047 400 3098 ut
419 3043 545 3123 accipiat
566 3043 719 3124 ‘Spiritum
741 3034 892 3102 sanctum
930 3042 1012 3114 Quia
1032 3060 1132 3119 neque

61 3126 221 3206 scriptura
238 3130 379 3204 superius
399 3122 523 3185 dixerat:
554 3126 668 3188 Videns
689 3140 788 3186 autem
805 3127 921 3199 Simon,
934 3123 1022 3202 quod
1045 3122 1133 3203 Apo·-

64 3208 141 3271 etoli
169 3205 279 3266 darent
301 3207 445 3290 Spiritum
462 3222 613 3286 sanctum,
636 3211 689 3271 sed
712 3211 845 3270 dixerat:
888 3207 1003 3267 Videns
1031 3218 1133 3264 autem

59 3293 184 3366 Simon,
213 3290 298 3373 quod
314 3312 369 3373 per
393 3289 776 3374 impositioncmmauuum
796 3290 1017 3373 Apostolorum
1042 3289 1132 3365 dare·

60 3388 117 3438 mr
140 3376 272 3457 Spiritus
293 3389 425 3436 sauctus.
468 3376 599 3456 Propter
624 3377 683 3438 line
715 3389 745 3436 et
778 3378 927 3436 Dominus
951 3379 1016 3456 ipse
1043 3373 1130 3432 lesus

58 3461 212 3544 Spiritum
234 3472 369 3520 sanctum
391 3482 453 3519 non
480 3460 578 3519 solum
598 3461 682 3521 dedit
710 3472 746 3519 ut
767 3461 867 3536 Deus,
889 3458 947 3519 sed·
970 3462 1057 3518 ctiam
1076 3478 1130 3517 ac-

57 3545 148 3625 eepit
168 3553 201 3600 ut
224 3541 327 3619 homo,
348 3557 512 3627 propterea
533 3545 630 3604 dictus
652 3557 682 3604 et
694 3545 802 3626 plenus
824 3546 927 3626 gratia.
969 3543 1011 3603 Et
1033 3543 1127 3601 mani·
1138 3590 1180 3632 m
1204 3598 1216 3639 t
1252 3542 1255 3547 ’

57 3628 172 3689 sestius
191 3625 229 3684 de
242 3626 295 3686 illo
309 3632 459 3711 scriptum
473 3630 559 3687 estin
575 3628 702 3688 Actibus
715 3627 950 3710 Apostolorum:
975 3628 1126 3704 Quoniam
1136 3602 1237 3697 visibili
1254 3601 1298 3702 lli}-

57 3712 150 3772 luxit
182 3728 250 3768 eum
275 3712 358 3772 Deus
382 3715 494 3794 spiritu
525 3724 640 3771 sancto.
679 3712 748 3770 Nou
768 3713 874 3792 utique
897 3712 966 3773 oleo
1001 3699 1302 3787 visibili,1⁸,¹.¹fl‘„¹¹,¹l¹l¹¹,„⁸1¹5¹²

58 3795 114 3856 sed
136 3793 222 3853 dono
249 3798 377 3877 gratiae,
401 3797 486 3877 quod
518 3795 632 3856 visibili
651 3791 839 3878 significatur
862 3808 1026 3880 unguento,
1082 3793 1229 3867 uomitus.

60 3877 101 3949 ba
124 3881 235 3937 tizatos
261 3882 350 3962 ungit
379 3881 524 3940 Ecclesia.
567 3880 631 3940 Nec
653 3899 724 3939 saue
743 3890 815 3938 tunc
830 3892 942 3941 unctus·
955 3893 1002 3940 est
1012 3817 1125 3940 cilli-

114 3961 162 4020 US
188 3960 308 4042 Spiritu
337 3977 450 4040 sancto,
478 3964 604 4046 quando
632 3983 725 4046 super
747 3984 814 4022 eum
832 3961 1016 4046 baptizatum
1039 3964 1124 4024 velut

67 4042 205 4104 columba
223 4045 392 4107 descendit:
423 4059 496 4108 tunc
524 4051 601 4109 enim
621 4068 733 4130 corpus
756 4068 852 4126 suum,
874 4049 906 4108 id
929 4060 981 4125 est,
1011 4047 1122 4108 Eccle-

63 4126 137 4187 siam
155 4149 240 4189 suam
251 4127 465 4214 praefigurare-
481 4132 619 4216 dignatus
647 4129 702 4210 eat,
721 4133 753 4194 iu
771 4153 833 4217 que
853 4129 1019 4218 praecipue
1041 4130 1141 4213 hap-s

59 4208 144 4275 :imi
163 4214 486 4299 accipiuntSpiritum
504 4229 653 4288 smmum.
676 4246 702 4263 ··
882 4250 910 4271 »ι
1009 4245 1011 4249 ’
