2790 4792
316 233 893 353 murmuramus·
1042 295 1126 367 105,

51 480 218 542 Missarum
240 470 384 535 solemnia
399 470 533 531 Domino
559 466 732 530 offeruntur
755 481 834 548 etc,
863 485 900 536 ut
925 492 1019 558 supra
1037 473 1063 536 1.
1080 484 1116 545 '1.
1127 495 1210 540 11111
1223 493 1267 547 20.

53 565 101 624 Ac
118 560 250 622 deludet
274 558 396 617 crimina
416 568 508 638 atque
539 563 683 636 peccata,
717 553 828 618 oblatis
848 555 896 617 his
915 559 1049 620 Domino
1066 542 1228 639 within..
1241 595 1280 638 a&

54 645 181 708 orificiis
197 643 342 704 delentur.
362 640 504 713 „idcirco
528 650 559 697 et
582 639 686 719 passio
709 640 782 723 ejus¹
803 640 835 700 11
859 640 908 701 his
930 632 1210 705 comment-mur·

54 729 154 809 rauda
176 739 237 804 est,
259 747 318 808 qua
339 725 487 808 redempti
504 742 631 798 sumus,
665 732 695 780 et
714 724 833 806 saepius
856 727 1032 806 recitanda,
1065 739 1130 790 at·-

43 808 134 896 'que¹
151 813 226 874 haec
255 811 387 871 Domino
417 806 581 871 offerenda.
634 804 762 867 Talibus
788 805 897 871 hostiis
914 809 1116 873 delectabitur

54 911 86 959 et
115 896 284 980 placabitur
300 890 466 969 Dominus,
494 902 524 951 et
548 901 672 972 peccata
691 890 825 951 dimittet
845 893 987 976 iugentia.
1029 896 1115 957 Nihil
1123 878 1289 973 fflffl‘lg

54 983 135 1043 euim
153 987 185 1040 in
201 977 357 1057 sacrificiis
369 978 480 1058 ‚majus
501 995 566 1035 esse
592 985 715 1056 potest,
746 997 838 1057 quam
861 997 975 1061 corpus
992 990 1023 1041 et
1043 957 1288 1071 san-Pffsstufllzt,

55 1068 122 1149 guis
157 1063 280 1125 Christi.
331 1062 399 1124 Nec
432 1060 496 1121 ulla
512 1057 629 1118 oblatio
658 1057 717 1118 hac
736 1063 846 1142 potior
864 1073 930 1138 est,
963 1063 1017 1124 sed
1039 1063 1116 1127 haec
1150 1039 1203 1118 pu
1238 1040 1268 1070 ω

53 1169 154 1210 omnes
187 1147 355 1233 praecellit.
400 1145 487 1221 Quae
510 1163 589 1226 pura
618 1145 804 1204 conscientia
827 1144 964 1207 Domino
986 1147 1144 1223 offeren„

53 1233 184 1310 daest,
212 1231 258 1294 et‘
272 1251 354 1317 pura
379 1240 481 1311 mente
502 1226 666 1302 sumenda,
688 1239 779 1308 atque
798 1226 838 1288 ab
863 1229 1120 1292 omnibusvene.

54 1317 156 1386 nanda.
211 1316 254 1377 Et
287 1317 369 1375 sicut
396 1312 503 1397 potior
526 1321 572 1371 est
605 1313 748 1389 caeteris,
765 1314 808 1373 ita
833 1315 941 1396 potius
965 1313 1061 1376 excoli
1088 1325 1120 1376 ct

52 1401 191 1463 venerari
224 1399 326 1463 debet.
539 1442 542 1455 .
761 1452 764 1457 Δ

81 1548 83 1553 ,
137 1497 188 1551 10.
231 1481 342 1542 IDEM
377 1479 465 1562 epist.
494 1491 525 1545 2,
558 1475 599 1539 ad
626 1499 731 1541 omnes
750 1477 944 1563 Episcopus:
980 1481 1067 1558 Quos
1086 1483 1153 1543 in-

56 1560 167 1631 ordina
186 1559 388 1647 A'postolatus
409 1563 553 1633 constitui
570 1563 669 1625 voluit
676 1607 697 1640 ,-
715 1564 775 1647 ipsi
796 1585 855 1647 pro
880 1565 1000 1647 populo
1021 1568 1119 1627 inter-
1129 1560 1238 1614 ⁰⁸⁸⁸·⁴·
1252 1571 1277 1616 Β·

54 1651 196 1736 pellant,
219 1658 248 1706 et
266 1647 374 1728 populi
396 1658 519 1729 peccata
535 1648 721 1723 comedunt,
744 1649 824 1729 quia·
835 1650 980 1733 precibus
1002 1654 1065 1712 suis
1089 1663 1120 1715 et

56 1728 272 1807 oblationibus
295 1751 329 1790 ea
352 1731 561 1812 delectatque
581 1741 771 1797 consumunt.
872 1744 875 1751 '
901 1737 903 1741 ’
1048 1752 1056 1769 “
1274 1764 1279 1771 ’

81 1880 85 1885 ,
143 1827 192 1884 11.
236 1814 472 1891 GREGORIUS
504 1815 644 1876 Nazianz.
672 1828 750 1882 orat.
771 1827 799 1885 l·
822 1817 854 1875 iu
881 1815 990 1879 Julian.
1018 1821 1119 1904 impe-
1218 1838 1231 1851 ·'

53 1911 131 1962 rat:
166 1899 241 1959 Mox
270 1900 419 1961 incruenti
453 1897 592 1959 sacrificii
611 1899 768 1962 oblatione
788 1920 893 1961 manus
907 1908 1143 1986 commaculat-
1256 1904 1259 1911 '

53 2005 113 2068 per
140 1982 225 2068 quod
247 2003 303 2045 nos
323 1982 497 2059 CHRISTO
521 1986 662 2061 unimur,
679 2006 735 2055 nec
756 2005 819 2046 non
860 1987 985 2049 essionis
1005 2012 1042 2052 ac
1067 1993 1119 2053 di·
1221 2059 1226 2071 Ι

56 2069 189 2128 vinitatis
215 2068 282 2147 ejus
311 2068 477 2154 participes
498 2066 673 2147 reddimur,
708 2007 896 2132 secuonilus
926 2083 955 2132 et
986 2077 1118 2138 victimis

56 2173 105 2213 res
139 2150 293 2241 stabiliens
324 2155 440 2237 regias,
487 2151 573 2213 malis
610 2154 791 2214 consiliariis
833 2155 866 2215 in
907 2155 988 2217 malo
1027 2172 1116 2222 utens

54 2238 240 2321 principatu.
313 2240 314 2243 ’
370 2284 373 2289 .
446 2265 451 2275 ·

81 2362 84 2367 -
97 2334 147 2389 12.
171 2319 428 2383 AUGUSTINUS
451 2319 546 2380 Serm.
558 2333 588 2388 1.
600 2318 639 2378 de
645 2320 790 2392 innocent
801 2343 809 2378 a
828 2319 915 2394 Quid
921 2324 1119 2401 reverentius,

61 2405 139 2487 qnid
151 2403 437 2485 honorabiliusqdici
450 2415 561 2488 potest,
576 2423 667 2482 quam
678 2402 736 2462 sub
748 2402 800 2462 illa
809 2422 861 2461 ara
874 2406 1074 2484 requiescere,
1088 2409 1120 2467 io
1152 2400 1155 2406 ’

58 2511 119 2572 qua
132 2490 214 2559 ‘Deo
232 2489 415 2550 sacrificium
444 2487 640 2561 celebratur,
668 2488 699 2544 11
716 2506 778 2566 qua
798 2484 971 2547 offeruntur
988 2486 1118 2570 hostiae,

58 2576 90 2634 in
107 2592 168 2655 qua
179 2574 333 2633 Dominus
350 2585 395 2633 est
412 2571 575 2644 sacerdos,
595 2570 673 2629 sicut
687 2572 836 2652 scriptum
859 2582 923 2631 est:
948 2573 999 2633 Tu
1021 2595 1052 2635 es
1068 2596 1117 2636 sa·
1126 2568 1212 2671 {⁸⁸¹2
1222 2579 1278 2636 109.

58 2659 164 2718 cardos
180 2659 211 2717 in
233 2671 388 2718 aeternum
410 2653 578 2715 secundum
593 2653 730 2714 ordinem
746 2652 996 2718 Melchisedech?
1035 2660 1117 2722 1111-
1145 2653 1153 2665 ’
1304 2706 1308 2713 ,

10 2752 12 2815 ξ
57 2753 89 2802 11
104 2742 162 2804 sub
188 2741 297 2800 altario
320 2744 473 2820 justorum
492 2739 606 2798 animae
620 2741 817 2820 requiescunt
827 2783 838 2816 ,
871 2743 943 2821 quia
961 2764 1053 2827 super
1071 2744 1118 2806 al·
1342 2737 1345 2744 ⁶

10 2820 13 2855 ³
55 2842 119 2887 tare
150 2845 261 2906 corpus
278 2826 406 2882 Domini
433 2821 572 2883 offertur.
612 2822 845 2884 11111111111111
869 2825 932 2884 illic
948 2828 1023 2908 justi
1045 2819 1289 2917 νίη-ξξζξθωῖξῗ

57 2910 171 2970 dictam
205 2910 358 2990 sanguinis
393 2908 567 2990 postulant,
603 2908 659 2966 ubi
686 2910 775 2969 etiam
808 2930 867 2992 pro
896 2913 1144 2993 peccatoribusri
1170 2886 1256 2963 Chiidi

57 2993 174 3055 Christi
207 2993 329 3074 sanguis
362 2991 537 3052 eli'rinditur.
590 2992 812 3053 Convenicnter
835 2995 943 3076 igitur,
978 3008 1008 3055 et
1029 3001 1115 3078 quasi
1124 2971 1245 3059 illidi?
1245 2969 1266 3011 ᾗ
1312 3052 1313 3057 ,

56 3098 115 3163 pro
136 3074 269 3157 quodam
294 3079 452 3136 consortio
468 3077 510 3136 ibi
533 3077 720 3152 martyribus
735 3076 893 3160 sepultura
913 3078 1036 3141 decreta
1061 3065 1212 3161 ese'ibffffl·
1229 3062 1268 3114 ¹¹3

57 3164 111 3224 ubi
135 3179 217 3220 mors
234 3161 520 3241 Domini'quotidie
540 3161 731 3237 celebratur,
759 3162 838 3220 sicut
864 3161 929 3243 ipse
946 3164 1002 3222 ait:
1026 3165 1119 3241 Quo·
1200 3181 1202 3185 ⁴

59 3251 237 3326 tiesconque
258 3243 334 3304 haec
354 3244 509 3321 feceritis,
527 3258 657 3306 mortem
671 3245 1024 3324 1111111111111111111111,
1057 3249 1118 3310 do-

60 3332 263 3405 cerveriam,
296 3328 427 3404 scilicet,
456 3342 508 3405 ut,
539 3331 592 3409 qui
609 3343 741 3412 propter
763 3340 892 3388 mortem
915 3331 1117 3411 ejusmortui
1226 3356 1228 3360 ·

60 3417 195 3490 lucrant,
222 3412 279 3474 sub
300 3415 475 3473 sacramenti
503 3412 570 3492 ejus
594 3415 740 3489 mysterio
765 3414 965 3494 requiescant

141 3510 191 3566 151
232 3498 418 3558 TERTIUM
446 3497 565 3557 Concil.
592 3496 733 3557 Braccar.
763 3518 806 3568 ca.
830 3509 879 3565 111
915 3499 992 3558 Cum
1029 3487 1291 3585 amnegffiss¹¹¹¹¹⁸³

59 3587 171 3647 crimen
201 3595 294 3664 atque
322 3594 498 3665 peccatum,
542 3579 654 3642 oblatis
683 3582 751 3641 Deo
782 3579 948 3642 sacrificiis
969 3582 1117 3667 deleatur,
1214 3571 1220 3584 ⁸

61 3665 190 3752 quidde
211 3680 330 3727 caetero
350 3687 410 3748 pro
437 3663 621 3725 delictorum
642 3666 809 3748 expiatione
826 3666 960 3728 Domino
984 3669 1130 3752 dabitur‚'

62 3751 185 3838 quando
200 3753 232 3810 in
250 3753 315 3833 ipsa
335 3747 478 3809 sacrificii
511 3747 667 3809 oblatione
691 3748 831 3810 erraturi
1131 3809 1135 3815 ,

144 3833 194 3904 14.
237 3833 475 3894 GREGORIUS
507 3832 613 3894 homil.
643 3845 694 3909 51.
717 3835 749 3892 in
774 3855 894 3918 wanga
916 3833 1119 3921 singulariter
1201 3864 1209 3873 ·

60 3940 189 4004 namque
225 3919 264 3978 ad
295 3918 521 3979 absolutionem
549 3928 688 3978 nostram
719 3916 823 3977 oblata
849 3939 917 3978 cum
940 3919 1069 3986 lacrimis
1088 3937 1119 3987 et

59 4004 246 4090 benignitate
274 4005 383 4064 mentis
404 4005 482 4063 sacri
508 4002 611 4063 altaris
637 4002 739 4063 hostia
755 4001 959 4086 suffragatur:
992 3988 1064 4088 quii
1081 4011 1118 4087 is,

59 4109 117 4170 qur
138 4091 168 4148 io
184 4108 216 4148 se
232 4107 392 4173 resurgens
410 4108 427 4148 a
443 4089 572 4148 mortuis
589 4087 652 4168 jam
669 4106 733 4147 non
758 4089 910 4165 moritur,
941 4089 1043 4153 adhue
1064 4115 1121 4177 per
1144 4149 1163 4191 Δ
1195 4148 1212 4188 1,

27 4240 31 4247 ,
58 4171 140 4238 hanc
159 4175 193 4239 in
212 4191 270 4237 suo
287 4173 433 4255 mysterio
445 4192 506 4259 pro
520 4172 612 4238 uobis
631 4174 744 4237 iterum
769 4175 897 4260 patitur.
938 4172 1015 4240 Nam
1040 4198 1121 4262 quo·
1132 4153 1293 4242 allt‘tlti.

837 4281 918 4362 as*
