2790 4792
240 395 320 464 ,m
478 368 1077 441 nastensnnnro

70 567 381 677 0,1‚„‚4‚24,Daniel
416 564 625 666 prophetas
663 557 854 635 ‘’Peccata
876 577 962 649 tua,
988 556 1139 657 inquit,
1166 557 1321 630 deamo.

247 695 348 791 synis
386 691 543 777 redime,
603 696 640 756 et
685 687 900 778 iniquitates
940 693 1027 754 tuns
1060 683 1320 754 misericordiis

250 839 471 914 pauperum.
526 809 677 881 Grande
702 809 824 882 scelus
850 806 1025 906 grandem
1049 805 1167 878 habet
1191 831 1320 880 neces·

74 948 241 1059 3333133834
252 966 385 1014 sarram
411 933 722 1020 satisfactionem,
752 932 803 1002 ait
831 930 1093 1002 ‘Ambrosius

76 1070 88 1097 0

351 1087 395 1158 Ε
446 1087 569 1177 Atque
596 1103 641 1151 eo
666 1075 903 1152 referendum
929 1076 1061 1164 etiam,
1099 1074 1209 1172 quod
1234 1080 1320 1154 Pau

76 1241 145 1288 na
161 1235 213 1278 cor.
250 1213 309 1283 lus
339 1208 390 1279 ait
416 1205 492 1275 8de
512 1200 713 1279 Corinthiis
737 1178 991 1297 deplorandis,
1017 1199 1320 1297 quandoquidem

78 1294 116 1338 ²2
129 1293 172 1338 ²¹
251 1357 365 1431 super
405 1324 655 1412 immunditia,
694 1321 960 1406 fornicatione,
1001 1340 1039 1393 et
1076 1323 1318 1422 impudicitia,

252 1470 363 1554 quam
388 1444 619 1552 ¹gesserant,
650 1446 917 1547 poenitentiam
941 1445 1100 1518 necdum
1121 1449 1297 1546 egissent

560 1691 1010 1790 scalpturae

336 1897 376 1956 ll.
420 1895 509 1974 Reg.
531 1890 639 1951 XVI.:
675 1888 768 1951 Venit
795 1912 871 1973 ergo
905 1910 956 1950 rex
976 1888 1078 1949 David
1101 1911 1206 1975 nsque
1224 1891 1336 1954 Baba-“³

253 2006 332 2066 rim:
371 2012 400 2062 et
430 2018 499 2058 ecce
534 1995 746 2079 egrediebatur
773 1997 844 2055 inde
870 1999 917 2055 vir
937 1998 983 2079 *de
1011 2001 1195 2079 cognatione
1215 2000 1316 2058 domus

253 2109 343 2185 Saul,
368 2107 488 2167 nominc
508 2105 625 2178 Semel,
656 2092 855 2191 iiliuslfiera:
885 2103 1142 2187 procedebatque
1159 2104 1308 2190 egrediens,

253 2231 285 2278 et
308 2202 516 2277 maledicebat.
560 2202 765 2291 Mittebatque
786 2206 902 2292 lapides
926 2221 1032 2268 contra
1051 2210 1171 2290 David,
1189 2224 1219 2271 et
1235 2230 1306 2270 cou-

240 2310 302 2386 'tra
324 2344 428 2404 servos
453 2323 612 2382 universos
630 2299 861 2402 'regis‘Davidr
888 2295 984 2375 omnis
1005 2330 1108 2376 antem
1133 2318 1263 2402 populus
1284 2327 1313 2377 et

253 2433 389 2491 universi
416 2428 581 2491 bellatores
605 2422 766 2486 a‚·de'xtro'
785 2436 814 2483 et
832 2425 953 2483 sinistro
977 2421 1070 2483 latere
1093 2427 1176 2508 regis
1202 2424 1318 2485 incede·

164 2610 167 2615 ἢ
255 2536 339 2598 bant.
384 2541 429 2597 lta
447 2550 547 2598 autem
571 2531 900 2615 loquebttnrbemei,
934 2551 1004 2590 eum
1024 2531 1225 2599 malediceret
1240 2536 1319 2617 regi:

252 2643 451 2724 Egredere,
461 2641 657 2726 egredere
638 2641 686 2698 vir
705 2641 886 2722 sanguinum
907 2649 937 2698 ct
958 2641 1005 2698 vil
1027 2638 1134 2699 Belial.
1180 2626 1322 2705 Reddidit

252 2745 312 2807 tibi
348 2746 500 2805 Dominus
529 2749 702 2831 universnm
730 2749 942 2847 sanguinem
930 2745 1036 2804 domus
1073 2746 1149 2808 Saul
1183 2763 1263 2812 etc.
1283 2749 1320 2810 Et

252 2850 349 2939 paulo
385 2863 468 2933 post·
499 2853 650 2915 Dimittite
682 2871 770 2947 eum,
812 2855 854 2912 ait
886 2873 961 2930 rex,
992 2863 1028 2910 ut
1053 2852 1253 2919 maledicat'
1240 2871 1322 2940 Juxta

252 2970 451 3044 praeceptum
479 2958 621 3032 Domini,
657 2957 700 3016 'si
715 2957 802 3017 'forte
830 2940 973 3040 respiciat
1004 2961 1167 3039 Dominus¹
1183 2966 1321 3026 afflictio-

253 3089 324 3153 nem
342 3087 458 3142 meam,
491 3077 522 3125 ct
551 3063 661 3124 reddat
690 3061 766 3123 mihi
791 3063 947 3146 Dominus
964 3060 1079 3127 bonnm
1099 3090 1168 3150 pro
1180 3071 1322 3134 maledie-

253 3178 338 3236 tiotie
365 3172 442 3252 hac,
467 3173 518 3233 die
541 3171 700 3232 hodierna.
750 3142 936 3234 Ambulabat
954 3177 1059 3257 itaque
1081 3176 1186 3238 David
1217 3193 1250 3241 et
1275 3201 1321 3240 so·

256 3283 296 3342 cii
331 3281 398 3362 ejus
421 3281 576 3363 perviam
603 3280 753 3344 cnm'eor
775 3278 873 3341 Semei
889 3286 998 3345 autem:
1006 3304 1063 3364 per
1079 3284 1321 3366 jugumzmoutis

255 3409 290 3448 ex
320 3386 436 3463 latere,
469 3399 576 3447 contra
605 3385 692 3447 illum
722 3386 920 3470 gradiebatur
928 3414 946 3465 ,·
965 3391 1166 3472 maledicens,
1193 3404 1225 3455 et
1254 3395 1322 3456 mit·

254 3506 321 3556 tens
341 3490 459 3575 lapides
477 3493 637 3553 adversum
656 3472 741 3570 eum,
762 3507 936 3579 terramque
951 3517 1103 3580 spargens.
1184 3562 1190 3581 ,Ι

295 3616 302 3627 ·
337 3598 492 3659 Psalm.
527 3599 576 3661 L.:
613 3584 803 3662 Sacrificium
836 3603 904 3663 Deo
922 3582 1057 3686 'spiritus
1082 3606 1320 3669 contribulatus:

256 3727 313 3768 cor
337 3707 503 3768 contritum
518 3718 550 3766 et
577 3704 770 3768 humiliatum
793 3709 877 3768 Deus
903 3729 966 3768 non
984 3706 1140 3792 despicies.
1184 3714 1320 3776 Ibidem:

253 3800 409 3890 Quoniam
425 3800 614 3895 iniquitatem
631 3835 727 3874 meam
750 3837 805 3900 ego
822 3823 987 3909 cognosco,
1009 3829 1211 3905 etpeccqtum
1222 3843 1319 3885 meum

252 3931 360 3981 contra
377 3938 424 3978 me
458 3933 504 3982 est
524 3940 650 4005 semper.
693 3922 765 3982 Tibi
789 3923 848 3983 soli
870 3925 1011 4004 peceavi,
1029 3938 1060 3986 et
1079 3927 1196 3991 malum
1217 3952 1320 3993 coram

250 4036 281 4084 te
305 4025 385 4085 fecis
418 4036 454 4085 ut
474 4025 651 4108 justificeris
672 4025 705 4088 in
735 4027 930 4091 sermonibus
948 4033 1024 4108 tuis,
1050 4044 1080 4092 et
1099 4035 1226 4114 vincas,
1251 4058 1320 4097 cum

245 4131 396 4216 judicaris
423 4141 479 4191 etc.

325 4237 376 4300 Et
400 4234 540 4303 ΡιιΙιιι
566 4237 637 4324 VI..
678 4239 878 4311 morari
868 4259 902 4300 in
936 4243 1051 4327 'gemitu
1080 4263 1171 4326 meo,
1209 4247 1316 4345 layaqo

1311 4468 1327 4496 Ι
