2790 4792
275 341 351 408 mo
529 329 1158 436 ·ossacnananro‚

272 519 402 597 solvunt,
423 518 599 606 propterea,
620 515 716 602 idque
738 512 827 579 valde
854 522 975 602 merito,
991 522 1184 584 ‘constitutus
1227 516 1277 585 est
1294 519 1343 585 hic

273 602 559 669 Anathematismus.
594 659 596 663 ,

360 701 390 756 9.
432 685 700 750 HIERONYMUS
721 688 753 747 in
781 687 892 763 Matth.
927 689 1058 752 xxvl.=
1099 644 1343 770 Postquam-ty·

116 754 222 832 caristus
231 800 266 830 ss.
275 773 378 856 picum
391 773 508 835 Pascha
529 776 631 834 fuerat
657 770 822 854 impletum,
840 785 870 832 et
889 773 958 858 ag'ni
983 794 1087 834 carnes
1110 794 1182 834 cum
1205 771 1342 857 Aposto-

37 856 40 864 ’
102 839 259 929 llladffirdf'
276 857 312 917 lis
333 859 522 919 comederats
557 859 681 918 assumit
705 876 827 938 panem,
850 860 904 938 qui
926 858 1087 919 confortat
1115 877 1172 919 cor
1201 856 1340 935 hominis,

103 936 310 1026 {ltlffifflgsssset
332 944 370 1002 ad
392 964 496 1002 verum
505 942 640 1003 Paschae
658 939 878 1023 transgreditur
890 950 1115 1016 sacramentum,
1137 953 1175 1002 ut
1188 942 1343 1021 quomodo

102 1035 196 1075 obtulit·
279 1026 310 1085 in
330 1025 590 1112 praefiguratIone
614 1027 681 1105 ejus
706 1023 931 1086 Melchisedech
966 1027 1074 1086 summi
1102 1027 1160 1085 Dei
1189 1027 1340 1102 sacerdos,
1372 1090 1380 1103 ,

63 1184 66 1186 ³
103 1114 227 1174 aduocat.
235 1131 268 1172 aa·
278 1130 386 1192 panem
413 1124 443 1172 et
466 1115 570 1171 vinum
590 1109 720 1170 offerens
739 1109 861 1187 fecerat,
881 1113 948 1192 ipse
969 1131 1095 1199 quoque
1118 1110 1280 1172 veritatem
1302 1110 1344 1170 sui

278 1195 421 1277 corporis
453 1209 483 1257 et
507 1195 659 1279 sanguinis
683 1206 932 1274 repraesentaret.
1297 1194 1328 1252 '.

364 1293 413 1346 10.
454 1278 720 1341 OECUMENIUS
734 1280 765 1337 ln
775 1276 870 1339 Hebr.
887 1277 943 1356 V.,
964 1298 1056 1360 super
1067 1298 1102 1337 ea
1113 1277 1229 1339 rerba:
1257 1277 1303 1339 Tu
1314 1298 1343 1338 es
1385 1342 1387 1357 Ι

105 1377 212 1422 cas-sua
228 1344 270 1436 sss
279 1362 419 1424 sacerdos
433 1364 464 1423 in
472 1376 625 1424 aeternum
638 1375 696 1425 eto.
718 1360 824 1443 Neque
836 1365 915 1423 enim
930 1363 968 1422 de
981 1383 1025 1438 ea,
1040 1356 1218 1443 q'uaesemel
1236 1362 1343 1423 anso
1385 1402 1387 1419 .

103 1426 361 1533 ’.ῗξξξῖἓᾞηῖαοῖε
381 1461 426 1508 est
446 1447 563 1509 oblatio
590 1458 620 1509 et
638 1447 759 1520 hostia,
782 1446 916 1507 dixisset:
959 1448 995 1506 ln
1016 1459 1192 1524 aeternum,
1219 1446 1275 1506 sed
1297 1466 1342 1506 re·
1384 1438 1387 1469 ¹

104 1531 411 1620 {gssffi'muffijspiciens
432 1533 472 1593 ad
492 1543 663 1617 praesentes
685 1528 853 1605 sacrificos,
874 1552 931 1614 per
951 1551 1031 1612 quos
1059 1531 1177 1591 medios
1207 1528 1341 1591 Christus
1382 1506 1387 1587 l

107 1621 238 1670 annana
280 1615 431 1677 sacrificat
454 1628 484 1676 et
508 1614 712 1678 sacrificatur:
735 1617 789 1697 qui
810 1616 899 1677 etiam
918 1620 950 1676 in
968 1617 1095 1692 mystica
1106 1635 1202 1677 coena
1224 1617 1343 1677 modum
1385 1636 1387 1685 i

279 1700 340 1760 illis
354 1699 482 1760 tradidit
499 1701 677 1782 hujusmodi
699 1697 850 1761 sacrificii.
1258 1726 1264 1737 ¹
1371 1694 1387 1775 Ι

365 1795 394 1851 1.
439 1783 477 1844 Ο.
500 1783 824 1846 CHRYSOSTOMUS
854 1782 961 1844 homil.
991 1797 1038 1853 17.
1071 1785 1103 1844 in
1129 1782 1246 1843 Hebr.:
1288 1784 1344 1844 Im·
1383 1788 1387 1829 ¹¹

278 1869 398 1952 paravit
418 1887 536 1949 semper
553 1867 670 1944 offerri,
693 1880 823 1951 propter
839 1866 1056 1944 infirmitatem,
1086 1879 1121 1927 ut
1154 1878 1187 1927 et
1206 1868 1344 1929 memoria
1384 1836 1387 1969 Ι

282 1963 477 2032 peccatorum
508 1949 615 2012 fieret:
659 1950 743 2027 Quid
771 1972 844 2034 ergo
878 1953 956 2011 nos?
997 1953 1104 2012 Nonne
1130 1972 1188 2032 per
1215 1951 1344 2036 singulos
1385 1972 1387 1985 ¹

282 2033 350 2109 dies¹
369 2033 549 2094 offerimus?
593 2033 757 2095 Offerimns
790 2034 929 2115 quidem,
964 2035 1018 2095 sed
1045 2036 1085 2096 ad
1110 2035 1345 2097 recordationem

132 2119 218 2163 mm
234 2117 426 2181 ⁶⁸²facientes
445 2120 553 2179 mortis
570 2118 646 2199 ejus.
688 2119 729 2178 Et
744 2139 806 2179 una
832 2131 877 2179 est
901 2119 976 2180 haec
1002 2119 1120 2196 hostia,
1141 2140 1206 2179 non
1230 2119 1343 2181 multae.

108 2168 273 2262 'Sillim‘
284 2201 449 2278 Quomodo
462 2224 523 2264 una
542 2212 572 2262 et
591 2224 653 2262 non
666 2200 800 2263 multae?
842 2203 923 2278 Quia
933 2203 1021 2264 semel
1043 2203 1147 2264 oblata
1160 2216 1216 2289 est,
1248 2203 1343 2265 oblata

109 2279 331 2361 ilssfffssstffiffest
352 2287 499 2348 insaucta
518 2294 709 2349 sanctorum:
730 2285 792 2348 hoe
817 2301 917 2349 autem
928 2287 1110 2348 sacrificium
1131 2288 1283 2372 exemplar
1305 2297 1344 2348 est

108 2367 383 2431 ¹1¹⁰¹¹¹²⁸⁰¹⁸u⁴illius=
405 2372 438 2433 id
458 2374 557 2455 ipsum
581 2384 698 2457 semper
717 2371 882 2435 offerimus.
924 2373 988 2433 Nec
1008 2393 1088 2441 nuno
1114 2373 1238 2453 quidem
1261 2373 1344 2433 alium

283 2476 405 2539 agnum,
425 2460 557 2519 crastina
573 2457 676 2535 alium,
703 2457 756 2517 sed
775 2478 892 2542 semper
914 2456 1043 2517 eundem
1066 2459 1172 2538 ipsum.
1216 2456 1346 2518 Proinde

283 2559 380 2600 unum
407 2555 453 2602 est
473 2541 536 2602 hoc
557 2540 738 2602 sacrificium
763 2541 842 2603 hac‘
857 2543 987 2602 ratione.
1030 2540 1177 2621 Alioquin
1209 2544 1346 2623 quoniam

284 2625 317 2684 ln
335 2622 439 2684 multis
458 2625 534 2685 Iocis
554 2624 693 2702 offertur,
718 2625 805 2686 multi
830 2626 990 2686 CHRISTI
1012 2625 1102 2684 sunt?
1144 2625 1346 2708 Nequaquam,

285 2706 340 2785 sed
358 2727 436 2767 unus
452 2706 572 2788 ubique
595 2719 639 2767 est
657 2709 806 2788 Christus,
824 2722 854 2771 et
867 2710 918 2770 hic
939 2709 1045 2794 plenus
1069 2710 1214 2786 existens,
1233 2723 1264 2770 et
1291 2707 1347 2768 illic

285 2788 414 2873 plenus,
446 2811 540 2851 unum
570 2810 693 2875 eorpus.
746 2794 834 2854 Sicut
857 2797 944 2872 enim,
975 2796 1029 2876 qui
1061 2793 1179 2873 ubique
1215 2792 1347 2868 offertur,

287 2893 383 2932 unum
404 2895 514 2958 corpus
536 2887 598 2951 est,
615 2887 645 2934 et
666 2896 728 2937 non
753 2876 848 2937 multa
871 2898 1016 2962 corpora:
1039 2878 1081 2936 ita
1105 2878 1194 2937 etiam
1212 2891 1348 2939 acaunum

111 2939 482 3035 &taff-sacrificium.
525 2958 667 3019 Pontifex
695 2973 796 3021 autem
817 2974 922 3022 noster
959 2961 1011 3021 ille
1046 2972 1104 3038 est,
1139 2963 1193 3043 qui
1224 2963 1371 3024 hostiam'

111 3039 484 3130 quatum-mundantem
513 3063 570 3103 nos
601 3043 731 3105 obtulit:
767 3047 860 3128 ipsam
895 3044 1049 3106 offerimus
1088 3057 1118 3105 et
1146 3064 1248 3123 nunc,
1277 3065 1348 3127 quac

114 3100 128 3141 Ρ
155 3119 161 3132 ’
289 3139 363 3188 tunc
376 3126 631 3210 oblataquidem,
656 3132 792 3189 consumi
810 3150 874 3190 non
896 3143 1006 3212 potest.
1048 3131 1116 3189 Hoc
1137 3141 1249 3208 autem,
1271 3129 1348 3212 quod

288 3213 426 3287 facimus,
451 3215 483 3273 in
503 3215 819 3287 commemorationem
841 3212 1016 3296 quidem‘lit
1032 3215 1108 3294 ejus,
1131 3214 1216 3295 quod
1245 3215 1350 3275 lactum

262 3344 264 3349 .
290 3308 347 3362 est.
388 3297 456 3357 Hoc
477 3299 557 3358 enim
586 3298 694 3376 facite,
721 3299 839 3378 inquit,
861 3301 893 3358 in
917 3319 1012 3359 meam
1031 3301 1350 3360 commemorationem.

118 3424 165 3467 ,m
185 3432 246 3480 ,M
290 3379 362 3441 Non
379 3379 462 3441 aliud
484 3380 676 3459 sacrificium,
699 3383 778 3442 sicut
797 3383 952 3464 pontifex,
978 3382 1032 3443 sed
1056 3383 1090 3442 id
1118 3385 1219 3465 ipsum
1241 3400 1351 3466 semper

165 3453 172 3467 ⁶
249 3438 269 3478 ⁹'
292 3464 435 3526 facimusz
453 3468 545 3548 magis
564 3475 664 3527 autem
683 3465 927 3528 recordationem
952 3464 1094 3528 sacrificii
1123 3476 1295 3551 operamur.

376 3563 405 3615 2.
447 3548 705 3612 AUGUSTINUS
726 3554 814 3634 epist.
834 3563 883 3619 23.
912 3551 950 3612 ad
977 3549 1171 3611 Bonifacr'um
1199 3556 1350 3636 episcope

293 3631 404 3694 Nonne
422 3632 514 3693 semel
536 3635 705 3695 immolatus
723 3647 769 3697 ast
781 3633 977 3698 CHRISTUS
997 3637 1030 3695 in
1054 3655 1089 3695 se
1108 3636 1184 3718 ipso,
1208 3650 1240 3698 et
1261 3649 1352 3697 tamen

119 3707 325 3802 Ξῇζξξξύῦἱι]
344 3729 530 3778 sacramento
560 3737 626 3779 non
656 3717 757 3779 solum
780 3740 837 3802 per
863 3741 965 3780 omnes
993 3716 1128 3780 Paschae
1153 3720 1354 3789 solennitates,

220 3788 227 3804 '
293 3798 347 3859 aed
364 3805 443 3862 omni
467 3800 517 3861 die
543 3801 663 3887 populis
689 3798 886 3866 immolatur:
912 3823 968 3863 nec
991 3805 1099 3884 utique
1126 3801 1353 3885 mentitur,an

291 3884 494 3970 interrogatus
515 3894 649 3949 eum‘res
674 3885 797 3949 onderit
815 3885 985 3947 immolaril
1230 3928 1235 3943 .

374 3980 404 4036 ὅ.
445 3970 585 4032 ΤΗΕΟΡ
613 4003 617 4009 ·
697 3970 796 4033 CTUS
819 3973 851 4032 in
873 3970 967 4031 Hebr.
990 3971 1029 4034 V.
1059 3970 1135 4033 haec
1158 3973 1271 4034 nerbas
1311 3969 1356 4031 ‘ns

293 4071 325 4113 es
347 4052 490 4113 sacerdos
518 4055 549 4113 in
581 4066 736 4115 aeternum
757 4065 812 4115 etc.
863 4052 975 4115 Dicant
1010 4057 1106 4141 igitur
1129 4058 1238 4119 ludaei
1261 4057 1358 4127 nobis,

294 4137 434 4217 quisnam
451 4137 545 4197 fuerit
571 4136 648 4198 alius
666 4138 811 4200 sacerdos
842 4138 1009 4201 secundum
1037 4141 1177 4202 ordinem
1197 4141 1356 4202 Melchise-

294 4219 373 4281 dech
403 4233 525 4313 praeter
548 4220 727 4287 Christum?
757 4220 876 4285 Nonus
911 4243 1015 4289 omnes
1038 4224 1097 4288 aul>
1110 4217 1359 4312 *Iegeluaritutl
