2790 4792
287 211 364 289 133
425 176 428 181 ’
526 201 1114 273 busson-Aunuro

110 402 268 464 resuscitabi-
370 401 400 458 6.
441 386 546 463 ITEM
575 409 603 453 o.
636 403 700 459 itt:
728 393 797 477 Ego
818 392 1007 455 resuscitabo
1035 374 1104 455 eum
1124 396 1155 455 in
1181 396 1347 459 novissimo

110 460 261 561 ῗοῗὲζξῖξω
284 473 347 534 die.
389 474 457 557 Ego
480 477 577 550 enim,
599 474 676 535 dixit
690 477 747 561 -(id
768 490 834 554 est,
856 499 971 560 corpus
997 499 1106 556 meum,
1131 480 1216 561 qnod
1243 502 1347 541 come-

110 551 276 641 ,cfflssffll
287 559 387 635 detur)
406 559 594 621 resuscitabo
617 580 694 618 eum.
735 560 804 621 Non
826 563 904 620 enim
926 561 1008 623 alius·
1020 565 1083 644 ipse
1103 564 1150 623 'est
1170 584 1263 644 quam
1275 587 1348 624 caro

110 650 275 739 ilussfflm*
287 664 362 705 sua:
393 664 458 703 non
478 644 531 703 ..id
554 643 642 719 dico,
675 645 748 725 quia
780 657 888 706 natura
918 667 981 705 non
1014 650 1053 705 sit
1077 645 1175 723 alius,
1198 648 1253 709 sed
1276 651 1346 729 quia

164 724 172 741 ’
285 739 359 870 ppst
380 728 621 790 incarnationem
642 731 673 787 in
707 729 783 789 duos
804 750 835 789 se
856 729 950 789 dividi
972 727 1051 789 lilios
1071 733 1205 809 minime,
1219 734 1343 814 patitur.

316 832 355 894 go
377 813 486 894 igitur,
511 813 633 893 in'quit,
665 814 718 894 qui
736 814 830 874 bomo
849 813 947 881 factus
965 833 1047 888 suru,
1082 835 1139 896 per
1161 835 1256 875 meam
1280 837 1346 875 cur-

286 917 355 956 nem
391 897 422 955 iu
457 890 625 972 purissimo
655 896 703 955 die
736 897 925 958 comedentes
950 897 1146 959 resuscitabo.
1190 898 1233 958 Et
1257 898 1347 980 paulo

286 992 375 1063 post:
399 980 446 1051 ¹Et
470 980 739 1062 quemadmodum,
766 986 790 1043 si
811 983 878 1064 quis
902 981 1062 1040 scintillam
1092 983 1168 1064 ignis
1193 983 1226 1041 in
1255 982 1343 1043 foeno

186 1076 205 1093 ''
232 1070 248 1085 ''
287 1077 342 1125 aut
363 1063 688 1146 palemocuultaverit,
720 1077 819 1131 tntum
845 1065 914 1129 iude
939 1067 1066 1147 ignitum
1079 1067 1254 1126 'necessario
1279 1064 1343 1125 fiet:

287 1150 332 1209 sic
350 1147 555 1217 verbumDei
574 1161 718 1230 tunquam
739 1150 868 1211 scintilla
885 1152 915 1209 in
935 1161 1072 1209 naturam
1086 1162 1220 1209 nostram
1235 1152 1345 1209 immis-

269 1253 355 1309 sum
367 1233 585 1311 uminum&
602 1232 812 1313 inflammavit,
833 1248 925 1316 atque
943 1232 983 1295 ad
1000 1235 1101 1308 vitam,
1122 1234 1248 1296 interitu
1260 1235 1343 1317 peni·

286 1329 338 1391 tus
359 1317 536 1397 destructo,
559 1316 687 1377 reduxit.
1149 1340 1165 1359 ·v
1295 1356 1298 1362 ·

353 1438 402 1493 Ὗ.
433 1425 586 1508 ·ET·‘cap.
606 1425 677 1485 XII.
689 1468 700 1502 ,
730 1425 761 1484 in
784 1424 943 1489 eaverba:
970 1425 1081 1500 Panis,
1108 1444 1198 1506 quem
1220 1444 1275 1508 ego
1296 1423 1346 1483 da·

288 1509 332 1571 bo
349 1521 404 1569 etc.
431 1509 543 1568 'Dedit
560 1530 619 1590 pro
644 1512 706 1568 vita
729 1511 863 1569 omnium
887 1530 998 1592 corpus
1016 1529 1103 1567 suum
1123 1510 1291 1584 Dominus,
1317 1517 1344 1567 et
1384 1576 1388 1581 ,

139 1604 144 1671 '.
288 1613 363 1675 per·
380 1592 456 1653 iliud
483 1613 604 1652 rursum
635 1595 727 1652 vitam
755 1595 787 1651 in
816 1594 906 1670 nobis
933 1595 1088 1652 immittit-r
1122 1604 1152 1651 et
1185 1590 1343 1672 quomodo,

291 1677 387 1735 dicam
408 1676 546 1736 breviter·
561 1696 619 1758 pro
642 1677 757 1735 viribus
777 1680 859 1736 meis.
891 1674 977 1738 ¹Nam
1001 1698 1094 1759 quum
1114 1673 1270 1736 vivificans
1292 1675 1343 1734 Dei

115 1771 258 1861 tespicus·
290 1757 428 1818 filius-in
459 1780 548 1818 carne
576 1757 781 1834 habitaverit,
816 1762 855 1820 ad
871 1774 872 1779 ’
887 1781 974 1820 suum
997 1761 1111 1819 bonum
1135 1780 1219 1835 eam,
1244 1760 1344 1832 idest,

116 1827 330 1914 {2⁵,2viissff'ad
353 1844 443 1901 vitam
459 1844 670 1919 reformarit,
702 1855 731 1902 et
757 1854 839 1903 totus
867 1848 912 1919 (ut
945 1848 986 1905 ita
1014 1844 1121 1920 dicam)
1142 1846 1224 1920 toti,
1246 1841 1345 1902 ineffa-

145 1954 147 1961 ’
288 1924 345 1986 bili
376 1927 616 1986 modo-unionis
651 1929 857 2006 conjunctus,
890 1927 1088 1987 vivificantem
1113 1930 1210 2010 ipsam
1239 1926 1343 1986 effecit:

213 2059 215 2063 Α
291 2011 362 2092 quia
380 2009 654 2071 nutura-uiuificans
676 2023 738 2086 est,
758 2024 922 2093 propterea
945 2015 1156 2095 participantes
1178 2010 1254 2070 haec
1276 2026 1344 2068 caro

243 2092 443 2157 ..vivificatz
480 2096 566 2176 ejicit
594 2098 672 2157 enim
706 2107 835 2155 mortem
862 2095 900 2157 ab
919 2099 976 2172 eis,
1010 2110 1040 2156 et
1054 2101 1211 2156 interitum
1229 2095 1342 2177 penitus

290 2180 420 2262 expellit.
878 2194 880 2198 ’

374 2294 404 2354 r.
443 2267 796 2348 subornatores
830 2289 862 2346 tn
895 2289 980 2347 roan.
1003 2287 1056 2348 vr.
1090 2296 1120 2346 et
1140 2284 1237 2346 nare.
1258 2279 1347 2358 xut,

290 2378 325 2431 u't
347 2392 439 2454 snpra
456 2375 636 2461 quaestione
661 2373 811 2449 secunda,
832 2372 865 2431 B.
888 2385 917 2438 3.
939 2383 968 2429 et
993 2384 1019 2436 1.

330 2512 333 2527 ι
376 2493 403 2545 1.
428 2476 477 2539 C.'
505 2476 750 2543 EPIPHANIUS
782 2479 812 2539 in
846 2477 1016 2539 Ancorato:
1061 2475 1232 2553 Videmus,
1266 2468 1348 2556 quod

291 2563 407 2644 accepit
440 2563 580 2647 ¹Salvator
596 2548 643 2623 'in
666 2584 771 2623 manus
795 2584 878 2637 suas,
911 2563 1005 2622 veluti
1026 2561 1226 2642 Evangelium
1250 2554 1349 2632 habet,

292 2645 376 2727 quod
410 2649 541 2715 surrexit
569 2650 601 2729 in
631 2667 743 2723 coena,
779 2661 808 2707 et
839 2649 955 2728 ncccpit
975 2646 1074 2721 hacc,
1109 2656 1140 2702 et
1161 2644 1219 2703 ubi
1280 2643 1348 2709 atius

292 2736 430 2815 egisset,¹¹
449 2720 536 2809 dixit:
575 2731 636 2789 boc
667 2752 765 2791 meum
793 2741 858 2806 est,
893 2729 954 2789 hoc
978 2743 1007 2789 et
1027 2729 1095 2790 hoc.
1138 2727 1180 2786 Et
1206 2665 1348 2798 vidimus

117 2805 281 2898 ssfflffoffiff
292 2812 379 2896 quod
398 2806 605 2894 non'''ticquale'
623 2825 687 2890 est,
708 2836 807 2894 neque
821 2813 932 2892 simile,
945 2818 947 2823 '
959 2810 1023 2872 non¹
1044 2813 1164 2895 imagini
1202 2812 1234 2870 in
1255 2828 1349 2882 carne,

118 2905 158 2953 ds.
291 2920 352 2958 non
373 2896 515 2965 invisibili
553 2896 679 2973 deitati,
714 2919 777 2957 non
811 2896 993 2979 lineamentis
1022 2897 1253 2979 membrorum-¹
1289 2895 1350 2955 Hoc

224 2986 227 2991 ’
263 2988 266 2993 ’
293 2985 370 3056 enim
391 2996 436 3043 ost
454 2981 603 3059 rotundae
625 2982 760 3053 formae,
798 2993 826 3040 et
850 2979 1038 3056 insensibile,
1070 2991 1218 3061 quantum
1237 2978 1277 3039 ad
1296 2997 1351 3060 po·

133 3074 154 3117 A
174 3077 282 3135 gestiret
293 3068 428 3128 tentiam.
469 3067 510 3132 Et
527 3058 629 3139 ¹voluit
648 3088 703 3148 per·
724 3068 848 3149 gratiam
870 3064 987 3141 dicere,
1008 3063 1067 3123 hoc
1088 3086 1188 3124 meum
1210 3076 1276 3123 est:
1296 3061 1350 3121 boc

119 3128 324 3226 pppprffipnet
345 3150 419 3211 boc:
443 3163 473 3210 et
494 3172 582 3213 nemo
604 3172 665 3209 non
688 3147 778 3209 fidem
802 3149 895 3210 habet
917 3149 1057 3213 sermoni.
1101 3149 1164 3225 Qui
1185 3148 1265 3206 enim
1294 3164 1350 3215 non

119 3223 400 3312 {ffiffififfsscredit
419 3237 604 3317 esse'ipsum
622 3256 741 3310 verum,
764 3236 840 3292 sicut
859 3233 952 3308 duit,
975 3239 1000 3291 is
1029 3231 1139 3291 excidit
1161 3251 1178 3290 a
1205 3231 1303 3315 gratia
1325 3236 1351 3285 et

120 3318 408 3413 2¹13„⁰,?¹{3,⁸„⁵flluie²
442 3320 535 3392 Quod
557 3332 655 3379 autem
678 3319 862 3393 audivimus,
895 3318 927 3376 id
950 3308 1120 3392 credimus,
1143 3312 1232 3396 quod
1248 3327 1293 3374 est
1308 3314 1351 3394 ip-

122 3418 199 3465 simi,
295 3407 367 3463 sius.
411 3403 577 3463 Dominum
603 3424 674 3462 vcro
697 3415 837 3460 nostrum
856 3404 995 3462 norimus
1019 3412 1118 3459 totum
1138 3419 1278 3474 sensum,
1308 3408 1352 3454 to⁶

214 3487 217 3494 ’
294 3501 359 3549 tum
392 3488 580 3561 senmurum,
615 3498 712 3546 totum
745 3487 865 3560 Deum,
900 3499 998 3546 totum
1030 3495 1225 3561 moventem,
1260 3495 1352 3542 totum

295 3578 491 3651 operantem,
522 3582 622 3628 totum
645 3571 761 3641 lucem,
790 3584 892 3644 totum
919 3566 1276 3650 incomprehensibilem,
1304 3558 1352 3627 sed

296 3656 350 3734 qui
373 3656 558 3735 cumgratia
582 3652 643 3712 boe
664 3653 753 3712 nobis
772 3655 896 3741 largitus
919 3665 972 3711 est.

122 3782 180 3883 puts
202 3778 285 3820 aaran
379 3775 407 3826 2.
452 3760 646 3819 CYRILLUS
669 3761 784 3820 Hieros.
806 3758 1144 3836 Catech.·4.1nystag.r
1169 3752 1247 3815 Cum
1268 3753 1353 3835 igitur

139 3828 247 3882 immi
297 3843 491 3905 CHRISTUS
514 3847 578 3925 ipse
601 3847 645 3903 sic
670 3844 798 3903 affirmet
817 3856 907 3923 atque
929 3842 1010 3900 dicat
1032 3839 1070 3898 de
1093 3858 1190 3920 pane:
1225 3840 1293 3896 Hoc
1315 3841 1354 3893 est

297 3949 408 4010 corpus
437 3949 556 3986 meum:
591 3930 661 4009 quis
685 3929 825 4008 deinceps
851 3925 961 3984 audeat
979 3922 1144 3983 dubitare?
1187 3920 1234 3981 Ac
1254 3919 1354 4014 eodem

298 4033 424 4094 quoque
441 4009 638 4071 confirmante
656 4022 686 4071 et
708 4012 843 4071 dicente:
866 4010 924 4069 Hic
948 4021 994 4067 est
1016 4008 1137 4088 sanguis
1158 4027 1258 4066 meus:
1281 4020 1353 4087 quis,

299 4098 441 4187 inquam,
464 4093 585 4156 dubitet
603 4106 633 4162 et
648 4094 730 4164 dicat
749 4106 815 4162 non
832 4113 895 4159 esse
916 4092 1001 4163 illius¹
1021 4089 1234 4183 sanguinent.
