2790 4792
240 341 314 409 lm
471 291 1061 397 onsacaauuuno

238 522 365 596 cultum,
382 521 529 601 quixvero
548 516 616 578 Deo
635 519 775 596 debetur,
797 517 870 579 huic
891 517 1077 578 sanctissimo
1104 509 1300 573 Sacramenta

238 610 270 666 in
289 606 481 664 veneratione
510 601 674 664 exhibeant.
718 605 824 684 Neque
837 605 916 662 euim
939 599 1009 661 idco
1033 601 1132 659 minus
1153 608 1198 656 est
1226 597 1300 656 ado·

239 689 375 763 randum,
398 687 483 768 quod
509 685 600 746 fuerit
623 711 641 748 a
663 689 836 764 CHRISTO
855 688 999 759 Domino,
1020 696 1055 742 ut
1076 694 1226 753 sumatur,
1252 683 1297 738 in·

67 772 135 812 Μ’·
143 779 161 818 1.
171 779 192 816 ⁶·
240 779 388 834 stitutum
430 771 504 830 Nam
518 769 601 829 illum
617 773 745 832 eundem
765 775 864 831 Deum
879 781 1068 853 praesentem
1088 769 1119 824 in
1137 786 1173 824 eo
1196 764 1298 824 adesse

68 860 204 908 ΜΛΝ·
241 858 400 933 credimus,
430 876 520 934 quem
539 854 630 915 Pater
657 869 794 916 aeternus
819 855 1015 923 introducens
1040 854 1070 910 in
1099 849 1206 909 orbem
1238 860 1297 907 ter-

68 952 364 1016 nistratorarum,
396 939 488 996 dicit:
531 939 576 998 Et·
593 939 718 1001 adorent
747 962 815 1000 eum
849 960 949 998 omnes
969 934 1077 1019 Angeli
1096 934 1172 992 Dei:
1211 953 1294 1014 quem

69 1007 102 1091 3⁸¹
117 1012 139 1055 9·
242 1029 323 1108 Magi
340 1022 532 1106 procidentes
554 1023 766 1099 adoraverunt,
789 1045 878 1104 quem
893 1024 1024 1101 denique
1049 1021 1080 1077 in
1108 1017 1242 1077 Galilaea
1261 1015 1293 1075 ab

151 1101 157 1115 ’
242 1108 396 1192 Apostolis
420 1106 578 1166 adoratum
595 1109 687 1169 luisse
701 1112 851 1190 scriptura
868 1117 1005 1167 testatur.
1048 1101 1199 1160 Declarat
1211 1120 1293 1182 prae-

242 1206 325 1254 tcrea
346 1203 448 1251 sancta
469 1191 610 1265 Synodus
629 1196 680 1274 pie
699 1206 728 1252 et
754 1193 893 1274 religiose
915 1188 1077 1250 admodum
1095 1189 1126 1255 in
1159 1186 1218 1244 Dei
1239 1185 1298 1263 Εο-Ι

84 1277 212 1365 8ξέὓῖμὲ
244 1279 362 1337 clesiam
386 1274 545 1333 inductum
571 1277 663 1335 fuisse
688 1275 770 1335 hunc
789 1297 911 1350 morem,
934 1285 968 1331 ut
987 1270 1111 1354 singulis
1139 1272 1225 1329 annis
1240 1288 1292 1349 ¹pe-

71 1339 219 1415 iairaiiilii.
244 1361 352 1422 culiari
376 1358 508 1440 quodam
537 1371 565 1418 et
591 1361 668 1420 sesto
702 1361 751 1419 die
779 1360 964 1442 praecelsum
985 1357 1044 1415 hoc
1077 1366 1109 1413 et
1130 1350 1292 1412 venerabile

71 1446 470 1526 ciromines-Sacramentum
489 1443 632 1525 singulari
662 1449 854 1504 veneratione
880 1464 914 1502 ac
933 1441 1110 1501 solennitate
1133 1436 1291 1496 celebrare-

72 1511 233 1613 itlaliilliiiss
245 1543 308 1605 tur,
329 1540 424 1607 utque
449 1529 479 1585 in
501 1529 747 1609 processionibus
775 1539 947 1587 reverenter
977 1537 1007 1583 et
1037 1519 1209 1581 honorifice
1228 1516 1290 1578 illud

72 1600 222 1654 ⁶⁶⁶⁵l⁰¹¹¹b⁸⁸·
245 1616 381 1696 pervias
406 1622 437 1668 et
466 1611 535 1672 loca
563 1613 686 1692 publica
718 1600 974 1675 circumferretur.
1016 1608 1237 1686 Aequissimum
1256 1611 1293 1682 est

246 1700 334 1769 enim,
354 1714 457 1753 sacros
479 1697 598 1775 aliquos
624 1709 751 1756 statutos
784 1717 846 1756 esse
865 1697 939 1770 dies,
970 1714 1037 1752 cum
1055 1691 1221 1750 Christiani
1237 1708 1294 1747 om-

246 1801 298 1838 nes
320 1777 462 1859 singrdari
484 1799 518 1837 ac
537 1799 606 1837 rara
622 1782 752 1860 quadam
768 1779 987 1863 significatione
1010 1787 1111 1857 gratos
1134 1785 1166 1832 et
1190 1793 1301 1856 memo·—

246 1884 293 1924 res
316 1871 463 1920 testentur
490 1863 603 1921 animos
624 1885 693 1945 erga
715 1885 899 1924 communem
920 1864 1083 1920 Dominum
1103 1869 1134 1915 et
1153 1858 1296 1936 Redemp-

247 1959 366 2019 torcm,
394 1964 453 2023 pro
482 1956 542 2003 tam
574 1947 718 2005 ineffabili
743 1960 774 2006 et
801 1948 891 2028 plane
914 1948 1016 2005 divino
1047 1939 1216 2015 beneficio,
1242 1957 1295 2020 quo

219 2030 354 2095 ,mortis
382 2029 447 2104 ejus
479 2029 608 2087 victoria
640 2042 671 2088 et
691 2031 864 2110 triumphus
893 2039 1144 2110 repraesentatur.
1189 2025 1232 2085 hc
1258 2025 1295 2081 sic

249 2112 370 2192 quidem
391 2114 532 2191 oportuit
550 2114 706 2172 victricem
725 2117 880 2172 veritatem
903 2115 941 2173 de
961 2112 1119 2171 mendacio
1142 2121 1174 2169 et
1192 2105 1295 2168 haeresi

248 2193 437 2276 triumphum
457 2217 554 2278 agere,
575 2207 611 2254 ut
627 2199 691 2257 eius
705 2198 869 2257 adversarii
883 2199 913 2255 in
925 2207 1093 2278 conspectu
1108 2196 1187 2253 tanti
1206 2191 1296 2274 splen·

176 2323 178 2327 -
248 2281 342 2353 doris,
364 2291 394 2338 et
413 2280 444 2337 in
465 2292 548 2340 tanta
567 2284 724 2342 universae
744 2282 897 2340 Ecclesiae
910 2282 1022 2340 laetitia
1046 2280 1149 2362 positi,
1181 2276 1228 2335 vel
1253 2274 1299 2332 de·

248 2364 361 2425 bilitati
384 2375 414 2422 et
430 2363 520 2424 fracti
539 2365 703 2443 tabescant,
723 2366 770 2426 rel
786 2366 904 2450 pudore
928 2365 1027 2425 affecti
1054 2374 1084 2423 et
1101 2362 1231 2437 confusi,
1250 2357 1300 2418 alr·

250 2447 373 2531 quando
395 2451 578 2531 resipiscant.

335 2544 363 2598 4.
406 2533 448 2591 ΙΝ
472 2534 575 2592 eadem
599 2535 728 2593 sessione
754 2555 870 2595 canone
894 2546 990 2594 sexto:
1035 2532 1068 2591 Si
1095 2532 1165 2613 quis
1192 2527 1299 2603 dixerit,

75 2621 226 2707 penetremus
251 2618 282 2699 in
309 2629 416 2675 sancto
440 2617 649 2677 Eucharistiae
672 2618 866 2678 Sacrameoto
889 2619 1093 2677 CHRISTUM
1121 2614 1300 2696 unigenitum

76 2678 240 2766 orllllllsslss
250 2699 324 2757 DEI
345 2697 449 2770 filium,
472 2721 532 2759 non
551 2722 612 2761 esse
626 2702 711 2760 cultu
731 2702 836 2761 latriae
858 2705 945 2762 etiarn
967 2715 1088 2761 externo
1107 2696 1300 2759 adorandum:

77 2771 225 2876 ξξξξῗζὲᾒ,
251 2795 342 2861 atque
365 2783 433 2840 idco
452 2803 506 2841 nec
524 2785 630 2843 festiva
648 2785 794 2865 peculiari
813 2784 991 2848 celebritate
1012 2783 1227 2854 venerandum,
1255 2797 1301 2836 ne·

76 2876 120 2910 tea.
252 2867 361 2944 quein
382 2867 631 2945 processionibus
656 2871 820 2928 secundum
845 2869 1027 2928 laudabilem
1056 2881 1086 2927 ct
1113 2862 1300 2926 universalem

250 2947 403 3026 Ecclesiae
424 2962 543 3009 sauctae
565 2953 657 3009 ritum
677 2963 706 3010 et
721 2955 968 3012 consuetudinem
990 2954 1155 3013 solenniter
1180 2953 1301 3009 circum·

252 3033 439 3116 gestandum,
461 3032 508 3092 vel
544 3056 605 3094 non
641 3035 774 3115 publice,
807 3049 841 3096 ut
862 3035 1024 3112 adoretur,
1039 3035 1155 3119 populo
1190 3049 1300 3115 propo1

251 3118 393 3194 nendum,
419 3131 448 3178 ct
468 3120 534 3199 ejus
555 3119 737 3186 adoratores
749 3141 811 3198 csse
835 3121 1022 3196 idololatras,
1044 3119 1204 3179 anathema
1220 3117 1265 3175 sit.

336 3216 363 3267 1.
406 3202 716 3263 B.-AUGUSTlNUS
737 3207 767 3262 in
793 3204 842 3264 Ps.
871 3206 978 3281 xxi,
1001 3206 1126 3286 exposit.
1156 3216 1183 3268 1.
1225 3200 1303 3259 Man-

252 3287 439 3345 ducaverunt
462 3308 576 3369 corpus
604 3286 779 3346 humilitatis
806 3290 928 3366 Domini
943 3291 989 3348 sui
1012 3291 1099 3348 etiam
1123 3287 1230 3345 divites
1251 3294 1305 3341 ter-

252 3392 320 3444 rac,
343 3390 397 3428 nec
418 3372 494 3430 sicut
515 3392 662 3455 pauperes
684 3375 809 3432 saturati
835 3383 910 3434 sunt'
928 3393 1025 3456 usque
1049 3372 1088 3431 ad
1107 3371 1303 3436 imitationem,

79 3459 217 3502 aaorauo..
251 3453 305 3513 sed
327 3468 426 3513 tamen
457 3455 672 3518 adoraverunt.
870 3452 874 3458 ’
1007 3459 1009 3467 ’

336 3552 364 3602 2·
408 3539 510 3599 ITEM
532 3538 719 3622 Augustinus
740 3542 826 3623 epist·
851 3554 920 3609 120.
958 3539 996 3600 ad
1026 3540 1171 3624 Honorat.
1198 3557 1224 3596 c.
1245 3545 1306 3600 270²

252 3621 510 3679 Manducavcruut
527 3634 557 3681 et
576 3625 780 3684 adoraverunt
806 3647 906 3685 omnes
928 3619 1034 3683 divites
1064 3637 1181 3683 terrae:
1225 3617 1307 3677 Divi·

252 3714 296 3760 tes
317 3715 426 3781 terrae,
454 3706 602 3785 superbos
632 3709 797 3791 intelligere
829 3710 990 3784 debemus,
1020 3710 1045 3766 si
1073 3720 1155 3767 recte
1176 3701 1307 3786 superius

252 3808 400 3867 pauperes
427 3787 554 3849 humiles
586 3793 847 3874 intelligebamus,
882 3792 919 3851 de
953 3793 1063 3873 quibus
1094 3792 1126 3849 in
1149 3783 1309 3881 Evangelio

81 3869 146 3933 ¹¹³5*-
159 3876 177 3912 ⁵¹
191 3875 210 3910 ⁵·
251 3871 403 3932 Dominus
421 3872 513 3933 dicit:
536 3874 618 3937 Beati
641 3897 789 3958 pauperes
813 3878 932 3957 spiritu,
953 3878 1096 3956 quoniam
1113 3876 1256 3954 ipsorum·
1272 3874 1314 3925 est

252 3975 376 4035 regnum
412 3957 572 4021 caelorum.
621 3959 727 4041 Neque
746 3963 834 4035 ,enirn
866 3960 981 4019 frustra
998 3963 1040 4019 ita
1069 3958 1205 4017 distincti
1236 3959 1313 4023 sunt,

251 4049 286 4097 ut
311 4039 348 4098 de
367 4042 555 4123 pauperibus
581 4064 673 4125 supra
705 4046 875 4103 diceretur:
918 4043 1019 4103 Edent
1042 4062 1190 4126 pauperes
1218 4049 1249 4097 et
1270 4054 1325 4115 sa·¹

45 4190 48 4195 .
78 4134 184 4182 riu-21.
196 4141 228 4180 aa.
251 4124 456 4182 turabrnrtur:
498 4127 555 4185 Hic
572 4148 657 4202 vero,
679 4127 936 4186 Manducaverunt
956 4141 986 4186 ct
1015 4129 1224 4188 adoraverunt
1254 4138 1318 4184 oms

251 4220 303 4267 nes
324 4207 431 4273 divites
444 4219 551 4271 terrae.
586 4211 639 4293 ,Et
651 4213 716 4297 ipsi
735 4213 849 4295 quippe
868 4211 1006 4283 adducti·
1022 4223 1094 4272 sunt
1126 4209 1167 4271 ad
1191 4219 1318 4269 mentam
